2638 3926
1093 186 1183 245 De
1210 177 1393 268 §albin
2173 217 2200 254 2
2212 217 2244 276 9

300 329 386 391 stu
410 330 684 414 lignearum
719 321 1001 398 fistularum
1026 320 1257 398 fasciculi,
1299 319 1484 404 quibus
1519 319 1643 380 folia
1680 324 1988 403 irrigantur,
2028 326 2102 385 ita

300 433 364 475 ut
385 411 524 496 quasi
550 411 762 470 strumas
784 430 890 492 prae
913 407 956 468 se
980 407 1150 468 ferant
1175 431 1187 466 z
1228 409 1414 466 etenim
1446 427 1514 464 ex
1535 402 1899 487 multiplicibus
1943 408 2103 486 ejectis

302 501 420 558 ovis
448 494 644 556 circum
667 491 852 554 affusus
868 491 1060 553 humor
1095 508 1363 550 tumorum
1391 491 1688 571 congeriem
1703 486 1770 548 ab
1793 507 2010 571 utraque
2025 492 2104 550 fo—

299 580 351 641 lii
372 599 520 664 parte
535 598 875 661 emergentem
901 579 1124 634 excitat:
1167 573 1242 631 ita
1267 577 1319 632 in
1349 573 1479 634 folio
1507 570 1748 643 Qercus
1773 573 1934 657 (25.)
1952 579 2105 657 gemi-

297 670 350 725 ni
373 682 602 724 tumores
617 665 846 744 contigui
867 659 925 717 A
948 655 1232 740 frequenter
1259 661 1609 734 occurrunt,in
1633 656 1821 741 quibus
1834 657 2004 718 musca
2022 657 2105 719 ali·

301 766 408 824 tur,
430 770 547 831 quae
580 747 727 806 brevi
751 744 987 822 erumpit.
1074 739 1136 800 ln
1159 745 1281 802 areis
1308 746 1498 826 pariter
1520 739 1629 802 folii
1668 740 1912 816 Quercus
1957 762 2106 825 vege‘

298 836 453 892 tantis
495 830 656 910 (26.)
700 848 769 886 ex
815 823 1157 886 utriculorum
1203 824 1415 888 seriebus
1458 844 1689 888 tumores
1716 827 1774 884 A
1798 829 2108 902 excitantur,

299 915 442 999 quafi
466 911 632 973 Gallae
651 908 844 993 parum
875 909 1197 992 assurgenteS,
1235 915 1287 972 in
1328 911 1516 994 quibus
1543 911 1711 973 adhuc
1747 909 1940 972 tenellis
1976 914 2107 972 cica-

300 1004 407 1061 trix
429 996 482 1055 B
503 1014 670 1077 patet,
711 993 936 1054 condito
952 997 1091 1055 intus
1114 1018 1245 1055 ovo,

382 1079 588 1141 Eadem
611 1078 723 1139 labe
743 1077 1105 1140 coafficiuntur
1127 1078 1374 1139 foliorum
1397 1078 1620 1161 pediculi
1642 1104 1657 1152 3
1701 1080 1829 1140 dum
1857 1084 1994 1142 enim
2015 1079 2105 1140 ada

298 1166 401 1226 huc
425 1182 688 1249 vegetant,
728 1187 796 1224 ex
818 1164 1014 1224 inflicto
1037 1161 1248 1222 vulnere
1269 1161 1494 1221 immistis
1529 1166 1648 1222 ovis
1671 1163 1937 1224 tubercula
1964 1163 2106 1225 nullo

299 1250 484 1311 ordine
513 1248 812 1332 assurgentia
848 1246 1224 1308 observantur:
1267 1245 1343 1304 ita
1372 1248 1425 1304 in
1458 1244 1702 1328 pediculo
1733 1245 1842 1307 folii
1864 1246 2108 1320 Qercus

301 1334 365 1415 (2
376 1335 456 1420 7.)
471 1331 618 1393 molli
633 1332 690 1391 A
707 1331 875 1416 plures
897 1331 1009 1392 vidi
1030 1330 1320 1414 frequenter
1342 1348 1574 1390 tumores
1596 1329 1649 1388 Β
1666 1333 1884 1415 exiguos
1896 1355 2017 1392 cum
2040 1336 2109 1392 ci-

299 1416 590 1491 catricibus,
633 1419 769 1478 intus
815 1415 1088 1477 latentibus
1131 1417 1353 1476 minimis
1382 1417 1501 1473 ovis
1525 1414 1556 1473 a
1581 1415 1881 1498 primordiis
1924 1415 2109 1499 uque:

300 1501 410 1562 haec
430 1505 487 1562 in
502 1522 735 1560 vermem
757 1502 1116 1574 immutantur,
1156 1502 1246 1581 qui
1272 1497 1484 1559 tandem
1509 1498 1605 1559 ade
1644 1498 1698 1559 ta
1719 1498 1900 1560 muscae
1934 1499 2109 1583 specie,

301 1583 504 1646 terebra
517 1586 764 1658 munitu8,
778 1581 972 1643 evolat.
1058 1582 1326 1643 Interdum
1348 1582 1460 1643 vidi
1480 1585 1535 1642 in
1559 1586 1592 1643 ii
1612 1583 1731 1644 dem
1750 1584 1997 1666 pediculis
2017 1609 2109 1645 ex-

301 1674 522 1730 citatum
551 1666 778 1727 exterius
816 1665 1196 1727 subrotundum
1219 1665 1477 1741 foramen,
1519 1670 1653 1726 intus
1684 1669 1813 1725 vero
1836 1667 2109 1751 segmenta,

301 1751 383 1813 {eu
396 1754 612 1812 minima
634 1749 857 1811 stercora
879 1773 895 1822 ,·
936 1749 1075 1811 unde
1092 1747 1297 1809 fortass'e
1321 1753 1526 1825 vermiS,
1547 1773 1657 1811 non
1676 1752 1951 1833 expediat&
1982 1751 2108 1812 ulte-

301 1839 430 1898 riori
451 1838 758 1910 mutatione,
798 1836 939 1894 viam
962 1834 1055 1894 fibi
1072 1832 1207 1894 facit.

385 1919 699 2003 Frequenter
726 1935 872 1979 tanta
892 1941 1126 1979 ovorum
1160 1923 1425 2002 congeries
1446 1914 1691 2003 pediculis
1724 1924 2069 1981 committitur
2090 1946 2107 1993 5

300 2023 360 2067 ut
381 2006 473 2090 ipfi
497 2007 550 2065 in
574 2004 820 2088 insignem
843 2023 1106 2064 tumorem
1128 2003 1434 2079 excrescant,
1463 2010 1517 2063 ὃ(
1534 2000 1677 2075 folia,
1710 2003 1999 2087 interrupta
2022 2003 2109 2064 ali-

301 2092 464 2151 menti
482 2089 586 2164 via,
616 2087 848 2148 debitam
865 2111 975 2148 non
990 2086 1267 2149 sortiantur
1288 2110 1373 2147 ma
1409 2086 1715 2147 nitudinem.
1781 2084 1865 2145 Ita
1884 2087 1951 2149 ab
1963 2092 2110 2172 apice

303 2172 484 2235 surculi
497 2171 738 2245 Qercfis
753 2172 815 2253 (2
827 2172 905 2253 8.)
919 2175 1017 2232 tria
1029 2174 1351 2254 erumpentia
1363 2111 1488 2232 {lia
1501 2170 1754 2233 tuberofis
1767 2170 2004 2232 constant
2020 2196 2108 2255 pe-

305 2257 481 2316 diculis
501 2258 573 2329 A,
615 2261 668 2314 in
689 2255 874 2335 quibus
893 2257 1208 2315 inflifiorum
1227 2252 1498 2314 vulnerum
1511 2251 1796 2314 excrescens
1821 2256 2038 2317 cicatrix
2056 2255 2109 2315 B

305 2339 463 2399 fitum
484 2338 694 2409 indicat,
738 2342 789 2396 8(
816 2338 1029 2396 interius
1051 2360 1219 2395 ovum
1254 2337 1563 2397 reconditur.
1655 2336 1860 2398 Taliter
1901 2357 2108 2423 turgent

305 2420 598 2500 hujusmodi
633 2416 879 2480 strumola
926 2417 1216 2491 tubercula3
1256 2437 1318 2478 ut
1359 2420 1481 2481 loco
1501 2419 1613 2481 folii
1648 2420 1833 2480 breves
1869 2425 2108 2506 quaedam

306 2506 612 2590 appendices
628 2507 673 2565 C
689 2503 899 2563 tantum
926 2521 1216 2587 erumpant.

390 2588 634 2650 Mirabile
659 2587 751 2662 est,
772 2587 918 2671 quod
939 2587 1151 2672 peciolis
1170 2587 1416 2650 foliorum
1438 2588 1617 2672 Populi
1641 2590 1703 2672 (2
1715 2587 1798 2674 9.)
1821 2589 2110 2675 frequenter

307 2673 508 2736 accidit.
593 2672 654 2733 In
688 2673 764 2733 his
791 2696 921 2733 unus
949 2672 1034 2733 vel
1074 2672 1217 2749 alter,
1257 2679 1311 2734 &
1340 2675 1600 2737 interdum
1620 2694 1720 2735 tres
1744 2676 2112 2758 producuntur

311 2776 540 2820 tumores
561 2755 788 2842 insignes
871 2756 1056 2819 Mollis
1072 2780 1294 2841 namque
1316 2758 1536 2842 pediculi
1552 2758 1827 2820 fiibstantia
1839 2760 1916 2837 A,
1937 2783 2110 2844 recep·

311 2847 374 2904 tis
386 2842 683 2905 animalium
698 2840 1046 2925 copiofiffimis
1061 2846 1195 2918 oviS,
1221 2841 1426 2904 craflior
1440 2843 1685 2919 redditur,
1706 2849 1759 2905 8<
1773 2844 2107 2929 turgentibus,

310 2925 879 3010 supercrescentibustque
915 2926 1319 2988 transversalibus
1339 2927 1582 3006 utriculis,
1625 2927 1894 3003 fibrarum,
1935 2934 1986 2986 ὅ(
2005 2944 2107 2987 tra-

310 3010 548 3072 chearum
590 3009 807 3072 fasciculi
854 3029 1154 3088 curvantur,
1196 3017 1249 3072 &
1266 3031 1707 3097 contorquentur,
1749 3013 1881 3075 unde
1905 3014 2107 3156 gemina

312 3093 466 3155 Galla
486 3092 553 3168 Β,
577 3100 628 3157 8(
656 3099 718 3171 C,
737 3118 850 3179 quae
871 3117 980 3156 non
1015 3096 1356 3180 undequaque
1382 3102 1630 3160 continua
1645 3097 1734 3171 est,
1775 3094 1905 3157 sedo
1943 3093 2106 3180 longo

313 3178 454 3239 hiatu
494 3180 575 3253 D,
595 3176 820 3240 solvitur.

396 3261 578 3323 Mollis
599 3285 916 3345 gemmarum
938 3262 1185 3324 strudura
1220 3263 1520 3326 insectorum
1542 3262 1794 3326 famulitio
1816 3289 2106 3350 peroppor-

316 3365 456 3423 tuna,
478 3370 589 3407 non
611 3345 749 3406 levesv
764 3349 884 3408 inde
907 3349 1107 3430 patitur
1131 3369 1400 3409 aerumnas,
1489 3347 1759 3410 Interdum
1785 3355 1918 3410 enim
1937 3350 2107 3423 Quer-

313 3452 465 3489 cuum
494 3453 707 3513 gemmae
732 3431 888 3513 (30.)
913 3431 1084 3492 adhuc
1108 3429 1371 3506 conclusae,
1411 3438 1623 3519 receptis
1661 3434 1945 3495 muscarum
1974 3439 2106 3509 oviS,

314 3511 563 3573 morbidae
598 3514 916 3587 redduntur,-
959 3538 1082 3575 nam
1118 3521 1172 3578 in
1215 3513 1465 3599 aliquibus
1502 3537 1678 3580 tumor
1700 3520 1757 3579 A
1779 3521 1806 3577 ὲ
1834 3517 1987 3579 latere
2025 3540 2106 3578 ca·

314 3599 438 3659 rinae
461 3595 617 3658 futuri
636 3599 815 3662 surculi
839 3598 890 3658 Β
905 3603 1180 3676 excitatur,
1197 3601 1227 3660 ὲ
1251 3624 1361 3686 quo
1381 3603 1631 3664 caducum
1648 3602 1830 3666 folium
1853 3604 1916 3677 C,
1938 3607 1989 3662 &
2010 3600 2106 3662 sta-

1157 3684 1184 3748 Ι
2013 3684 2109 3746 bile
