2638 3926
358 254 425 309 32

1222 216 1320 280 De
1357 219 1534 279 Gallis.

500 382 618 430 una,
650 352 933 435 eademque
974 351 1158 411 arbore
1206 350 1501 431 produ&is;
1557 373 1679 409 nam
1723 350 2006 436 frequenter
2055 349 2306 433 subnigrae

500 442 611 500 sunt
634 436 818 497 muscae
843 435 989 494 brevi
1012 434 1225 491 munitae
1250 430 1463 491 terebra.
1551 432 1691 491 lnter
1711 433 1801 493 has
1824 437 2007 520 aliquae
2034 434 2308 498 observan-

501 544 585 583 tur
612 543 794 593 aureae,
835 516 1135 576 leviviridis
1159 515 1379 576 tinctura
1413 512 1621 588 suffusae,
1662 515 1889 600 oblonga
1921 521 2167 603 pollentes
2180 539 2308 582 terea

503 608 608 667 bra.
694 597 921 661 Diverso
962 604 1152 684 pariter
1194 619 1477 685 erumpunt
1517 618 1780 683 tempore:
1837 602 2136 689 plerumque
2173 610 2309 667 enim

500 696 631 750 circa
659 684 875 770 Junium
889 686 1103 745 evolant
1127 684 1330 760 muscae,
1371 685 1550 745 relictis
1572 683 1823 768 aliquibus
1843 688 1982 760 oviS,
2022 693 2075 747 ὅ(
2096 690 2311 769 aureliiS,

501 796 618 858 quae
642 770 760 854 post
795 769 991 830 multos
1015 767 1205 830 menses
1227 768 1441 830 tandem
1457 774 1763 845 immutatae,
1804 773 1947 830 viam
1960 768 2053 829 fibi
2078 769 2292 834 faciunt.

587 855 895 928 Qercuum
923 878 1154 937 gemmae,
1201 853 1321 912 licet
1345 874 1576 913 ovorum
1599 855 1852 936 contagio
1863 851 2168 930 afficiantur,
2206 881 2316 920 non

502 942 681 1004 eadem
706 958 878 1009 tamen
901 942 1123 998 tumoris
1161 935 1321 1020 specie
1357 954 1663 1010 tentantur,
1703 936 1784 999 sed
1809 938 1952 999 varie
1986 943 2192 1023 vigente
2230 963 2317 1003 ve-

503 1026 772 1110 getatione
821 1024 1253 1106 configurantur,
1308 1020 1449 1081 unde
1499 1023 1552 1080 in
1610 1019 1825 1093 Qercu
1863 1024 2017 1107 (34)
2061 1022 2318 1086 ramosam

505 1109 768 1194 quandam
792 1106 1026 1184 Gallam,
1081 1106 1148 1168 ab
1172 1105 1427 1191 aliquibus
1468 1103 1760 1188 capillatam
1801 1108 2010 1187 dietam,
2049 1108 2230 1193 passim
2250 1109 2321 1171 est

503 1194 788 1255 observare.
874 1191 939 1253 In
965 1190 1166 1254 surculo
1192 1194 1379 1253 etenim
1405 1190 1461 1250 A
1484 1212 1701 1273 gemmae
1740 1190 1920 1254 foliola
1947 1193 2144 1255 caduca
2166 1192 2218 1252 B
2245 1194 2320 1256 su-

506 1278 732 1364 persunt,
775 1278 805 1336 a
825 1301 1055 1360 quorum
1071 1276 1322 1337 umbilico
1341 1272 1566 1336 ascendit
1597 1274 1973 1359 conglobatum
2004 1277 2174 1339 Gallae
2205 1301 2322 1340 cor⁴

508 1389 606 1449 pus
625 1365 687 1439 C,
728 1362 874 1446 quod
897 1361 1243 1422 utriculorum
1270 1359 1506 1434 seriebus,
1549 1365 1603 1421 &
1625 1359 1803 1443 ligneis
1824 1361 1965 1424 fibris
1991 1365 2323 1425 contexitur:

509 1455 560 1511 in
580 1467 762 1509 centro
793 1465 985 1523 autem,
1025 1444 1166 1530 quasi
1204 1469 1373 1508 ovum
1399 1445 1461 1503 D
1484 1444 1704 1519 locatur,
1745 1469 1857 1527 quo
1878 1444 2100 1508 lacerato
2137 1453 2328 1509 vermis

511 1535 565 1595 E
591 1533 681 1593 lese
709 1531 879 1594 offert.
975 1530 1036 1592 A
1061 1531 1390 1615 conglobato
1417 1527 1587 1590 Gallae
1601 1550 1848 1613 corpore,
1888 1529 2053 1592 veluti
2069 1531 2100 1590 a
2115 1549 2326 1610 tmnoe,

511 1620 630 1680 hinc
656 1617 778 1678 inde
814 1636 1130 1700 promuntur
1164 1614 1379 1678 ramosae
1409 1613 1720 1700 appendices
1748 1613 1823 1689 F,
1864 1637 1981 1699 quae
2014 1613 2246 1698 Pluribus
2266 1618 2327 1677 fi·-

511 1705 723 1764 brarum
746 1700 987 1763 fasciculis
1013 1704 1416 1786 compaginatae,
1458 1704 1511 1761 in
1540 1699 1636 1760 hos
1656 1697 1871 1760 velutin
1889 1698 2042 1761 villos
2068 1699 2327 1764 aculeatos

513 1790 567 1847 G
591 1788 915 1862 dividuntur,
957 1792 1009 1847 ὃ(
1047 1785 1341 1863 solvuntur,
1384 1787 1475 1869 qui
1506 1784 1864 1869 implicatione
1903 1785 2051 1861 faeta,
2091 1784 2236 1870 quafi
2277 1811 2328 1846 e-

514 1874 777 1934 chinatum
800 1895 989 1955 corpus
1013 1871 1349 1932 constituunt.

599 1955 662 2016 In
689 1957 868 2016 eadem
909 1961 1101 2039 pariter
1139 1954 1356 2029 Qercu
1380 1955 1543 2039 (35.)
1564 1953 1852 2040 frequenter
1874 1949 2087 2015 discussis
2122 1954 2331 2017 caducis

514 2040 704 2101 foliolis
740 2040 1015 2124 globosum
1054 2046 1255 2124 exiguae
1298 2040 1670 2124 magnitudinis
1718 2062 1910 2123 corpus
1945 2039 2004 2098 A
2047 2041 2330 2117 excitatur,

517 2126 664 2209 quod
693 2130 827 2185 intus
842 2148 1074 2186 vermem
1095 2125 1220 2198 alit3
1263 2124 1572 2210 appendices
1593 2125 1742 2199 verb,
1784 2122 1929 2208 quafi
1954 2122 2190 2184 laciniata
2204 2123 2332 2187 folia.

516 2211 567 2270 B
593 2209 795 2285 viridia,
836 2209 1016 2269 eadem
1039 2210 1267 2271 excitata
1288 2209 1583 2285 substantia,
1603 2210 1816 2294 promit.

606 2295 668 2354 ln
694 2293 906 2377 Populo
925 2296 1121 2377 pariter
1137 2294 1293 2376 (36.)
1317 2294 1581 2353 interdum
1605 2312 1725 2355 tota
1748 2292 1909 2352 flaturi
1935 2291 2114 2352 surculi
2158 2297 2331 2352 carina

523 2381 578 2438 A
600 2382 651 2437 in
676 2377 920 2460 insignem
968 2378 1314 2459 conglobatur
1338 2375 1558 2434 veficam
1582 2376 1651 2448 B,
1692 2375 1960 2455 papillares
1997 2392 2330 2456 promentem

523 2461 827 2543 appendices
852 2465 914 2532 C,
963 2460 1264 2540 patentibus
1303 2458 1512 2517 orificiis
1546 2456 1757 2516 hiantes.
1843 2455 2019 2536 Hujus
2055 2456 2331 2520 substantia

525 2543 688 2605 craffis
713 2546 920 2601 corticis
942 2542 1185 2617 utriculiS,
1226 2548 1279 2602 &
1301 2541 1478 2624 ligneis
1505 2539 1645 2600 fibris
1660 2538 1988 2618 interseritur,
2029 2541 2332 2604 veluticras-

528 2629 636 2686 sum
653 2625 829 2685 folium
850 2651 870 2685 :-
902 2626 1044 2685 intus
1068 2630 1330 2686 innumera
1350 2625 1597 2683 foventur
1618 2623 1866 2685 animalia.

611 2708 750 2770 Non
777 2729 890 2770 tota
914 2713 1164 2794 perpetuo
1202 2730 1518 2792 gemmarum
1545 2707 1794 2770 stmEiura
1842 2712 1897 2770 in
1933 2708 2210 2773 Gallarum
2249 2732 2331 2775 tu*

530 2818 698 2854 mores
719 2798 990 2853 immutata
1010 2792 1398 2867 monstruolam,
1438 2791 1845 2878 morbosamque
1871 2795 2039 2856 induit
2054 2814 2327 2873 naturam,

529 2880 609 2940 sed
630 2879 825 2938 retenta
854 2878 1113 2937 interdum
1143 2877 1430 2960 aliqualiter
1470 2878 1681 2961 antiqua
1729 2876 1910 2941 surculi
1931 2880 2134 2956 natura,
2176 2886 2333 2944 variis

533 2969 581 3023 in
609 2964 735 3023 locis
761 2966 947 3022 vitiata
986 2961 1285 3022 instetorum
1324 2960 1536 3022 foetibus
1571 2961 1864 3024 famulatur.
1953 2962 2039 3023 Ita
2079 2965 2260 3049 passim
2277 2970 2330 3027 in

536 3046 749 3117 Quercu
774 3048 926 3131 (37.)
955 3070 1065 3106 non
1101 3049 1217 3106 raro
1253 3045 1516 3106 mutilatus
1555 3051 1784 3108 occurrit
1827 3046 2067 3125 surcul'uS,
2107 3053 2162 3112 in
2189 3051 2332 3131 cujus

539 3130 640 3187 bali
669 3132 858 3191 caduca
877 3128 1053 3192 foliola
1080 3133 1134 3189 A
1151 3130 1318 3191 adhuc
1340 3129 1635 3193 subsistunt:
1680 3133 1762 3192 hic
1782 3150 1955 3192 autem
1991 3134 2197 3195 crassior
2216 3134 2331 3195 red-

540 3213 681 3270 ditur
704 3235 769 3270 ex
808 3220 1033 3291 materia,
1078 3238 1191 3299 quae
1227 3221 1279 3276 in
1301 3216 1675 3300 longitudinem
1702 3215 1896 3277 absumi
1934 3217 2195 3292 debebat,
2236 3242 2332 3279 un-

541 3297 603 3354 de
629 3295 799 3353 brevia
827 3296 938 3355 sunt
963 3300 1242 3361 internodii
1263 3298 1438 3384 spatia,
1479 3302 1661 3362 {cilicet
1684 3305 1812 3362 inter
1837 3300 2084 3364 foliorum
2111 3300 2162 3359 Β
2178 3326 2332 3365 exor-

546 3399 684 3436 tum:
726 3401 863 3459 apex
896 3385 1029 3439 vero·
1059 3388 1101 3442 C
1128 3389 1379 3468 temporis
1408 3389 1589 3462 traCtU,
1633 3387 1915 3465 deficiente,
1956 3386 2039 3446 vel
2077 3406 2333 3472 corrupto

542 3462 785 3520 alimento
814 3462 1136 3539 contabescit,
1179 3471 1468 3530 &decidit:
1510 3494 1666 3553 quare
1702 3471 1937 3531 mutilata
1967 3491 2193 3533 remanet
2233 3472 2334 3534 sur-

544 3545 639 3604 culi
661 3545 839 3605 fotma.
934 3548 991 3605 ln
1019 3550 1121 3608 hoc
1147 3552 1315 3632 itaque
1332 3552 1657 3636 perlongum
1676 3555 1829 3630 secto,
1856 3554 2030 3636 ligneae
2049 3576 2334 3618 occurrunt

549 3628 687 3688 fibrae
713 3631 772 3688 D
792 3629 857 3689 ad
884 3629 1129 3692 foliorum
1160 3636 1417 3715 pediculos
1444 3640 1632 3720 pariter
1656 3639 1939 3721 produfiae,
1986 3644 2037 3702 8<
2053 3640 2120 3702 ad
2133 3644 2334 3724 apicem

2136 3724 2331 3788 surculi.-
