<?xml version="1.0" encoding="UTF-8"?>
<!DOCTYPE html PUBLIC "-//W3C//DTD XHTML 1.0 Transitional//EN"
    "http://www.w3.org/TR/xhtml1/DTD/xhtml1-transitional.dtd">
<html xmlns="http://www.w3.org/1999/xhtml" xml:lang="en" lang="en">
 <head>
  <title>
</title>
<meta http-equiv="Content-Type" content="text/html;charset=utf-8" />
  <meta name='ocr-system' content='tesseract 3.04.00' />
  <meta name='ocr-capabilities' content='ocr_page ocr_carea ocr_par ocr_line ocrx_word'/>
</head>
<body>
  <div class='ocr_page' id='page_1' title='image "anatomeplantarum00malpuoft_0056.png"; bbox 0 0 2600 3952; ppageno 0'>
   <div class='ocr_carea' id='block_1_1' title="bbox 278 158 1424 177">
    <p class='ocr_par' dir='ltr' id='par_1_1' title="bbox 278 158 1424 177">
     <span class='ocr_line' id='line_1_1' title="bbox 278 158 1424 177; baseline 0 3775"><span class='ocrx_word' id='word_1_1' title='bbox 278 158 1424 177; x_wconf 95' lang='lat' dir='ltr'> </span> 
     </span>
    </p>
   </div>
   <div class='ocr_carea' id='block_1_2' title="bbox 337 181 1855 250">
    <p class='ocr_par' dir='ltr' id='par_1_2' title="bbox 337 181 1855 250">
     <span class='ocr_line' id='line_1_2' title="bbox 337 181 1855 250; baseline -0.006 -1"><span class='ocrx_word' id='word_1_2' title='bbox 337 196 409 250; x_wconf 79' lang='lat'>26</span> <span class='ocrx_word' id='word_1_3' title='bbox 842 190 1310 247; x_wconf 44' lang='lat' dir='ltr'>&#39;MARCELLI</span> <span class='ocrx_word' id='word_1_4' title='bbox 1380 181 1855 242; x_wconf 81' lang='lat' dir='ltr'>MALPIGHII</span> 
     </span>
    </p>
   </div>
   <div class='ocr_carea' id='block_1_3' title="bbox 293 273 2283 296">
    <p class='ocr_par' dir='ltr' id='par_1_3' title="bbox 293 273 2283 296">
     <span class='ocr_line' id='line_1_3' title="bbox 293 273 2283 296; baseline 0 3656"><span class='ocrx_word' id='word_1_5' title='bbox 293 273 2283 296; x_wconf 95' lang='lat' dir='ltr'> </span> 
     </span>
    </p>
   </div>
   <div class='ocr_carea' id='block_1_4' title="bbox 483 303 2294 2006">
    <p class='ocr_par' dir='ltr' id='par_1_4' title="bbox 495 303 2294 1016">
     <span class='ocr_line' id='line_1_4' title="bbox 506 303 2292 377; baseline -0.002 -12"><span class='ocrx_word' id='word_1_6' title='bbox 506 318 728 367; x_wconf 86' lang='lat' dir='ltr'>redditum</span> <span class='ocrx_word' id='word_1_7' title='bbox 746 354 758 374; x_wconf 89' lang='lat'>‚</span> <span class='ocrx_word' id='word_1_8' title='bbox 800 307 1091 377; x_wconf 83' lang='lat' dir='ltr'>appendicem</span> <span class='ocrx_word' id='word_1_9' title='bbox 1123 305 1162 351; x_wconf 99' lang='grc' dir='ltr'><strong><em>Β</em></strong></span> <span class='ocrx_word' id='word_1_10' title='bbox 1204 303 1334 355; x_wconf 91' lang='lat' dir='ltr'>efficit</span> <span class='ocrx_word' id='word_1_11' title='bbox 1354 324 1364 353; x_wconf 91' lang='lat'><strong>:</strong></span> <span class='ocrx_word' id='word_1_12' title='bbox 1411 306 1661 375; x_wconf 86' lang='lat' dir='ltr'><strong>Temporis</strong></span> <span class='ocrx_word' id='word_1_13' title='bbox 1690 305 1913 375; x_wconf 85' lang='lat' dir='ltr'>progreffu</span> <span class='ocrx_word' id='word_1_14' title='bbox 1927 347 1941 370; x_wconf 92' lang='lat'>,</span> <span class='ocrx_word' id='word_1_15' title='bbox 1978 307 2203 359; x_wconf 85' lang='lat' dir='ltr'>altioribus</span> <span class='ocrx_word' id='word_1_16' title='bbox 2217 329 2292 361; x_wconf 84' lang='lat' dir='ltr'>ex-</span> 
     </span>
     <span class='ocr_line' id='line_1_5' title="bbox 506 377 2292 456; baseline -0.002 -20"><span class='ocrx_word' id='word_1_17' title='bbox 506 394 646 438; x_wconf 89' lang='lat' dir='ltr'>citatis</span> <span class='ocrx_word' id='word_1_18' title='bbox 695 382 885 434; x_wconf 86' lang='lat' dir='ltr'>incisuris</span> <span class='ocrx_word' id='word_1_19' title='bbox 901 420 913 442; x_wconf 95' lang='lat'>,</span> <span class='ocrx_word' id='word_1_20' title='bbox 948 377 1158 427; x_wconf 88' lang='lat' dir='ltr'>foliolum</span> <span class='ocrx_word' id='word_1_21' title='bbox 1181 381 1213 428; x_wconf 89' lang='lat' dir='ltr'><em>C</em></span> <span class='ocrx_word' id='word_1_22' title='bbox 1251 379 1570 449; x_wconf 90' lang='lat' dir='ltr'>conglobatum</span> <span class='ocrx_word' id='word_1_23' title='bbox 1597 380 1754 430; x_wconf 90' lang='lat' dir='ltr'>senfim</span> <span class='ocrx_word' id='word_1_24' title='bbox 1785 380 1957 431; x_wconf 86' lang='lat' dir='ltr'>laxatur</span> <span class='ocrx_word' id='word_1_25' title='bbox 1983 388 2030 431; x_wconf 87' lang='lat'>&amp;</span> <span class='ocrx_word' id='word_1_26' title='bbox 2069 386 2265 450; x_wconf 82' lang='lat' dir='ltr'>aperitur</span> <span class='ocrx_word' id='word_1_27' title='bbox 2281 421 2292 456; x_wconf 82' lang='lat'><em>3</em></span> 
     </span>
     <span class='ocr_line' id='line_1_6' title="bbox 507 448 2291 525; baseline 0.003 -21"><span class='ocrx_word' id='word_1_28' title='bbox 507 468 568 520; x_wconf 85' lang='lat'>&amp;,</span> <span class='ocrx_word' id='word_1_29' title='bbox 584 460 684 506; x_wconf 91' lang='lat' dir='ltr'>loco</span> <span class='ocrx_word' id='word_1_30' title='bbox 698 455 851 503; x_wconf 82' lang='lat' dir='ltr'>caduci</span> <span class='ocrx_word' id='word_1_31' title='bbox 867 448 980 516; x_wconf 89' lang='lat' dir='ltr'>folii,</span> <span class='ocrx_word' id='word_1_32' title='bbox 1004 453 1269 522; x_wconf 82' lang='lat' dir='ltr'>appendices</span> <span class='ocrx_word' id='word_1_33' title='bbox 1290 458 1350 519; x_wconf 94' lang='lat' dir='ltr'>D,</span> <span class='ocrx_word' id='word_1_34' title='bbox 1367 453 1486 505; x_wconf 88' lang='lat' dir='ltr'>fibris</span> <span class='ocrx_word' id='word_1_35' title='bbox 1498 459 1698 525; x_wconf 78' lang='lat' dir='ltr'>irrigatae,</span> <span class='ocrx_word' id='word_1_36' title='bbox 1729 456 2042 508; x_wconf 87' lang='lat' dir='ltr'>extenduntur.</span> <span class='ocrx_word' id='word_1_37' title='bbox 2084 462 2291 510; x_wconf 83' lang='lat' dir='ltr'>Succeffi-</span> 
     </span>
     <span class='ocr_line' id='line_1_7' title="bbox 504 524 2291 599; baseline 0.003 -23"><span class='ocrx_word' id='word_1_38' title='bbox 504 534 569 579; x_wconf 89' lang='lat' dir='ltr'>vis</span> <span class='ocrx_word' id='word_1_39' title='bbox 583 525 900 577; x_wconf 81' lang='lat' dir='ltr'>mutationibus</span> <span class='ocrx_word' id='word_1_40' title='bbox 920 524 1077 575; x_wconf 88' lang='lat' dir='ltr'>foliola</span> <span class='ocrx_word' id='word_1_41' title='bbox 1103 530 1186 576; x_wconf 91' lang='lat' dir='ltr'>tria</span> <span class='ocrx_word' id='word_1_42' title='bbox 1199 531 1237 576; x_wconf 88' lang='lat' dir='ltr'><em>E</em></span> <span class='ocrx_word' id='word_1_43' title='bbox 1248 545 1497 596; x_wconf 86' lang='lat' dir='ltr'>emergunt,</span> <span class='ocrx_word' id='word_1_44' title='bbox 1534 535 1581 579; x_wconf 64' lang='grc' dir='ltr'>ὃς</span> <span class='ocrx_word' id='word_1_45' title='bbox 1595 529 1796 597; x_wconf 91' lang='lat' dir='ltr'>pediolus</span> <span class='ocrx_word' id='word_1_46' title='bbox 1825 530 2066 599; x_wconf 89' lang='lat' dir='ltr'>oblongior</span> <span class='ocrx_word' id='word_1_47' title='bbox 2081 532 2291 587; x_wconf 83' lang='lat' dir='ltr'>redditur.</span> 
     </span>
     <span class='ocr_line' id='line_1_8' title="bbox 501 599 2294 676; baseline 0.004 -27"><span class='ocrx_word' id='word_1_48' title='bbox 501 602 706 649; x_wconf 64' lang='lat' dir='ltr'>Adaucto</span> <span class='ocrx_word' id='word_1_49' title='bbox 723 603 883 649; x_wconf 89' lang='lat' dir='ltr'>iterum</span> <span class='ocrx_word' id='word_1_50' title='bbox 897 600 1079 667; x_wconf 89' lang='lat' dir='ltr'>pediolo</span> <span class='ocrx_word' id='word_1_51' title='bbox 1092 602 1140 662; x_wconf 88' lang='lat' dir='ltr'>F,</span> <span class='ocrx_word' id='word_1_52' title='bbox 1171 600 1347 650; x_wconf 90' lang='lat' dir='ltr'>stabilia</span> <span class='ocrx_word' id='word_1_53' title='bbox 1360 599 1467 650; x_wconf 86' lang='lat' dir='ltr'>folia</span> <span class='ocrx_word' id='word_1_54' title='bbox 1495 606 1533 650; x_wconf 88' lang='lat' dir='ltr'><strong><em>G</em></strong></span> <span class='ocrx_word' id='word_1_55' title='bbox 1566 602 1778 669; x_wconf 85' lang='lat' dir='ltr'>explicari</span> <span class='ocrx_word' id='word_1_56' title='bbox 1796 609 2030 674; x_wconf 91' lang='lat' dir='ltr'>incipiunt,</span> <span class='ocrx_word' id='word_1_57' title='bbox 2062 613 2109 656; x_wconf 91' lang='lat'>&amp;</span> <span class='ocrx_word' id='word_1_58' title='bbox 2123 607 2294 676; x_wconf 86' lang='lat' dir='ltr'>postre-</span> 
     </span>
     <span class='ocr_line' id='line_1_9' title="bbox 500 671 2291 751; baseline 0.007 -31"><span class='ocrx_word' id='word_1_59' title='bbox 500 674 582 721; x_wconf 76' lang='lat' dir='ltr'>mo</span> <span class='ocrx_word' id='word_1_60' title='bbox 597 673 809 723; x_wconf 66' lang='lat' dir='ltr'>distinstis</span> <span class='ocrx_word' id='word_1_61' title='bbox 830 671 947 721; x_wconf 87' lang='lat' dir='ltr'>foliis</span> <span class='ocrx_word' id='word_1_62' title='bbox 961 676 1028 734; x_wconf 88' lang='lat' dir='ltr'>H,</span> <span class='ocrx_word' id='word_1_63' title='bbox 1041 676 1230 739; x_wconf 81' lang='lat' dir='ltr'>geminae</span> <span class='ocrx_word' id='word_1_64' title='bbox 1248 675 1514 740; x_wconf 83' lang='lat' dir='ltr'>appendices</span> <span class='ocrx_word' id='word_1_65' title='bbox 1531 679 1566 735; x_wconf 91' lang='lat' dir='ltr'>I,</span> <span class='ocrx_word' id='word_1_66' title='bbox 1593 677 1776 741; x_wconf 82' lang='lat' dir='ltr'>graciles</span> <span class='ocrx_word' id='word_1_67' title='bbox 1789 680 1942 743; x_wconf 91' lang='lat' dir='ltr'>valde,</span> <span class='ocrx_word' id='word_1_68' title='bbox 1958 679 2122 730; x_wconf 90' lang='lat' dir='ltr'>fibroso</span> <span class='ocrx_word' id='word_1_69' title='bbox 2133 682 2291 751; x_wconf 90' lang='lat' dir='ltr'>pedio-</span> 
     </span>
     <span class='ocr_line' id='line_1_10' title="bbox 498 745 2291 821; baseline 0.008 -28"><span class='ocrx_word' id='word_1_70' title='bbox 498 747 544 794; x_wconf 94' lang='lat' dir='ltr'>lo</span> <span class='ocrx_word' id='word_1_71' title='bbox 559 750 617 810; x_wconf 83' lang='lat' dir='ltr'><em>K</em></span> <span class='ocrx_word' id='word_1_72' title='bbox 634 747 804 797; x_wconf 90' lang='lat' dir='ltr'>adstant</span> <span class='ocrx_word' id='word_1_73' title='bbox 828 790 840 809; x_wconf 77' lang='lat'>,</span> <span class='ocrx_word' id='word_1_74' title='bbox 874 747 1071 794; x_wconf 87' lang='lat' dir='ltr'>utriculis</span> <span class='ocrx_word' id='word_1_75' title='bbox 1101 752 1146 793; x_wconf 88' lang='lat'>&amp;</span> <span class='ocrx_word' id='word_1_76' title='bbox 1163 745 1263 812; x_wconf 84' lang='lat' dir='ltr'>pilis</span> <span class='ocrx_word' id='word_1_77' title='bbox 1279 745 1528 813; x_wconf 81' lang='lat' dir='ltr'>conspersae.</span> <span class='ocrx_word' id='word_1_78' title='bbox 1597 749 1805 799; x_wconf 88' lang='lat' dir='ltr'>Eundem</span> <span class='ocrx_word' id='word_1_79' title='bbox 1820 753 2095 821; x_wconf 77' lang='lat' dir='ltr'>progressum</span> <span class='ocrx_word' id='word_1_80' title='bbox 2125 756 2291 811; x_wconf 85' lang='lat' dir='ltr'>habent</span> 
     </span>
     <span class='ocr_line' id='line_1_11' title="bbox 496 816 2287 898; baseline 0.007 -30"><span class='ocrx_word' id='word_1_81' title='bbox 496 821 584 870; x_wconf 74' lang='lat' dir='ltr'>rubi</span> <span class='ocrx_word' id='word_1_82' title='bbox 601 825 723 870; x_wconf 83' lang='lat' dir='ltr'>canini</span> <span class='ocrx_word' id='word_1_83' title='bbox 739 817 862 880; x_wconf 87' lang='lat' dir='ltr'>folia,</span> <span class='ocrx_word' id='word_1_84' title='bbox 895 835 992 886; x_wconf 83' lang='lat' dir='ltr'>quae</span> <span class='ocrx_word' id='word_1_85' title='bbox 1017 835 1171 866; x_wconf 89' lang='lat' dir='ltr'>tamen</span> <span class='ocrx_word' id='word_1_86' title='bbox 1196 817 1341 866; x_wconf 90' lang='lat' dir='ltr'>altiori</span> <span class='ocrx_word' id='word_1_87' title='bbox 1358 816 1541 881; x_wconf 64' lang='lat' dir='ltr'>incisura</span> <span class='ocrx_word' id='word_1_88' title='bbox 1569 818 1785 888; x_wconf 88' lang='lat' dir='ltr'>separata,</span> <span class='ocrx_word' id='word_1_89' title='bbox 1811 827 2007 892; x_wconf 89' lang='lat' dir='ltr'>pendent</span> <span class='ocrx_word' id='word_1_90' title='bbox 2039 829 2063 876; x_wconf 71' lang='lat' dir='ltr'>a</span> <span class='ocrx_word' id='word_1_91' title='bbox 2080 830 2287 898; x_wconf 90' lang='lat' dir='ltr'>pediolo.</span> 
     </span>
     <span class='ocr_line' id='line_1_12' title="bbox 495 885 2291 965; baseline 0.007 -23"><span class='ocrx_word' id='word_1_92' title='bbox 495 893 585 942; x_wconf 85' lang='lat' dir='ltr'>haec</span> <span class='ocrx_word' id='word_1_93' title='bbox 612 889 863 959; x_wconf 90' lang='lat' dir='ltr'>frequenter</span> <span class='ocrx_word' id='word_1_94' title='bbox 895 906 1173 958; x_wconf 81' lang='lat' dir='ltr'>permanent.</span> <span class='ocrx_word' id='word_1_95' title='bbox 1242 890 1370 940; x_wconf 89' lang='lat' dir='ltr'>Idem</span> <span class='ocrx_word' id='word_1_96' title='bbox 1390 892 1551 942; x_wconf 86' lang='lat' dir='ltr'>accidit</span> <span class='ocrx_word' id='word_1_97' title='bbox 1577 895 1731 943; x_wconf 83' lang='lat' dir='ltr'>inruho</span> <span class='ocrx_word' id='word_1_98' title='bbox 1748 936 1762 959; x_wconf 93' lang='lat'>,</span> <span class='ocrx_word' id='word_1_99' title='bbox 1795 901 1917 965; x_wconf 90' lang='lat' dir='ltr'>cujus</span> <span class='ocrx_word' id='word_1_100' title='bbox 1940 896 2099 951; x_wconf 89' lang='lat' dir='ltr'>foliola</span> <span class='ocrx_word' id='word_1_101' title='bbox 2125 885 2291 955; x_wconf 64' lang='lat' dir='ltr'>caduca</span> 
     </span>
     <span class='ocr_line' id='line_1_13' title="bbox 495 964 822 1016; baseline 0 -2"><span class='ocrx_word' id='word_1_102' title='bbox 495 964 822 1016; x_wconf 86' lang='lat' dir='ltr'>contabescunt.</span> 
     </span>
    </p>

    <p class='ocr_par' dir='ltr' id='par_1_5' title="bbox 491 1039 2290 1314">
     <span class='ocr_line' id='line_1_14' title="bbox 559 1039 2290 1115; baseline 0.008 -27"><span class='ocrx_word' id='word_1_103' title='bbox 559 1040 819 1089; x_wconf 89' lang='lat' dir='ltr'>Mirabilem</span> <span class='ocrx_word' id='word_1_104' title='bbox 846 1043 1014 1110; x_wconf 85' lang='lat' dir='ltr'>paritet</span> <span class='ocrx_word' id='word_1_105' title='bbox 1044 1043 1304 1090; x_wconf 73' lang='lat' dir='ltr'>austionem</span> <span class='ocrx_word' id='word_1_106' title='bbox 1333 1039 1518 1090; x_wconf 91' lang='lat' dir='ltr'>molitur</span> <span class='ocrx_word' id='word_1_107' title='bbox 1545 1043 1725 1091; x_wconf 88' lang='lat' dir='ltr'>Natura</span> <span class='ocrx_word' id='word_1_108' title='bbox 1753 1046 1798 1092; x_wconf 89' lang='lat' dir='ltr'>in</span> <span class='ocrx_word' id='word_1_109' title='bbox 1811 1041 2034 1115; x_wconf 72' lang='lat' dir='ltr'>aliquibus</span> <span class='ocrx_word' id='word_1_110' title='bbox 2057 1051 2290 1104; x_wconf 89' lang='lat' dir='ltr'>arboribus·</span> 
     </span>
     <span class='ocr_line' id='line_1_15' title="bbox 495 1112 2286 1192; baseline 0.007 -30"><span class='ocrx_word' id='word_1_111' title='bbox 495 1118 542 1161; x_wconf 87' lang='lat'>&amp;</span> <span class='ocrx_word' id='word_1_112' title='bbox 558 1112 722 1179; x_wconf 78' lang='lat' dir='ltr'>herbis,</span> <span class='ocrx_word' id='word_1_113' title='bbox 737 1115 847 1163; x_wconf 94' lang='lat' dir='ltr'>dum</span> <span class='ocrx_word' id='word_1_114' title='bbox 863 1114 1061 1185; x_wconf 84' lang='lat' dir='ltr'>ipsarum</span> <span class='ocrx_word' id='word_1_115' title='bbox 1080 1112 1238 1164; x_wconf 89' lang='lat' dir='ltr'>foliola</span> <span class='ocrx_word' id='word_1_116' title='bbox 1262 1115 1285 1164; x_wconf 85' lang='grc' dir='ltr'>ὲ</span> <span class='ocrx_word' id='word_1_117' title='bbox 1299 1118 1491 1184; x_wconf 90' lang='lat' dir='ltr'>gemmis</span> <span class='ocrx_word' id='word_1_118' title='bbox 1503 1114 1727 1184; x_wconf 76' lang='lat' dir='ltr'>assurgunt</span> <span class='ocrx_word' id='word_1_119' title='bbox 1744 1148 1756 1184; x_wconf 88' lang='grc'><strong><em>5</em></strong></span> <span class='ocrx_word' id='word_1_120' title='bbox 1793 1134 1886 1169; x_wconf 87' lang='lat' dir='ltr'>tota</span> <span class='ocrx_word' id='word_1_121' title='bbox 1897 1139 2049 1192; x_wconf 77' lang='lat' dir='ltr'>namq3</span> <span class='ocrx_word' id='word_1_122' title='bbox 2070 1125 2169 1176; x_wconf 93' lang='lat' dir='ltr'>folii</span> <span class='ocrx_word' id='word_1_123' title='bbox 2185 1148 2286 1178; x_wconf 87' lang='lat' dir='ltr'>mo-</span> 
     </span>
     <span class='ocr_line' id='line_1_16' title="bbox 492 1190 2285 1262; baseline 0.008 -22"><span class='ocrx_word' id='word_1_124' title='bbox 492 1192 572 1253; x_wconf 81' lang='lat' dir='ltr'>leS,</span> <span class='ocrx_word' id='word_1_125' title='bbox 595 1193 680 1260; x_wconf 69' lang='lat' dir='ltr'>qua</span> <span class='ocrx_word' id='word_1_126' title='bbox 693 1211 878 1262; x_wconf 89' lang='lat' dir='ltr'>gemma</span> <span class='ocrx_word' id='word_1_127' title='bbox 895 1192 1169 1243; x_wconf 80' lang='lat' dir='ltr'>excitabatur</span> <span class='ocrx_word' id='word_1_128' title='bbox 1184 1233 1199 1255; x_wconf 93' lang='lat'>,</span> <span class='ocrx_word' id='word_1_129' title='bbox 1235 1196 1283 1242; x_wconf 90' lang='lat' dir='ltr'>in</span> <span class='ocrx_word' id='word_1_130' title='bbox 1305 1191 1473 1243; x_wconf 89' lang='lat' dir='ltr'>stabilis</span> <span class='ocrx_word' id='word_1_131' title='bbox 1487 1190 1580 1241; x_wconf 83' lang='lat' dir='ltr'>folii</span> <span class='ocrx_word' id='word_1_132' title='bbox 1611 1193 1850 1261; x_wconf 86' lang='lat' dir='ltr'>pediolum</span> <span class='ocrx_word' id='word_1_133' title='bbox 1879 1195 2123 1250; x_wconf 89' lang='lat' dir='ltr'>absumitur</span> <span class='ocrx_word' id='word_1_134' title='bbox 2138 1209 2186 1252; x_wconf 92' lang='lat'>&amp;</span> <span class='ocrx_word' id='word_1_135' title='bbox 2200 1209 2285 1254; x_wconf 89' lang='lat' dir='ltr'>im-</span> 
     </span>
     <span class='ocr_line' id='line_1_17' title="bbox 491 1280 700 1314; baseline 0.019 -4"><span class='ocrx_word' id='word_1_136' title='bbox 491 1280 700 1314; x_wconf 89' lang='lat' dir='ltr'>mutatur.</span> 
     </span>
    </p>

    <p class='ocr_par' dir='ltr' id='par_1_6' title="bbox 484 1340 2289 1854">
     <span class='ocr_line' id='line_1_18' title="bbox 556 1340 2289 1412; baseline 0.009 -26"><span class='ocrx_word' id='word_1_137' title='bbox 556 1342 657 1388; x_wconf 88' lang='lat' dir='ltr'>Hoc</span> <span class='ocrx_word' id='word_1_138' title='bbox 672 1344 718 1388; x_wconf 89' lang='lat' dir='ltr'>in</span> <span class='ocrx_word' id='word_1_139' title='bbox 732 1347 810 1408; x_wconf 84' lang='lat' dir='ltr'>opio</span> <span class='ocrx_word' id='word_1_140' title='bbox 829 1345 907 1404; x_wconf 88' lang='lat'>60,</span> <span class='ocrx_word' id='word_1_141' title='bbox 932 1341 1085 1409; x_wconf 75' lang='lat' dir='ltr'>primo</span> <span class='ocrx_word' id='word_1_142' title='bbox 1113 1340 1471 1410; x_wconf 86' lang='lat' dir='ltr'>deprehenditur,</span> <span class='ocrx_word' id='word_1_143' title='bbox 1495 1344 1620 1408; x_wconf 91' lang='lat' dir='ltr'>cujus</span> <span class='ocrx_word' id='word_1_144' title='bbox 1635 1341 1800 1392; x_wconf 86' lang='lat' dir='ltr'>tenella</span> <span class='ocrx_word' id='word_1_145' title='bbox 1815 1361 2002 1412; x_wconf 88' lang='lat' dir='ltr'>gemma</span> <span class='ocrx_word' id='word_1_146' title='bbox 2031 1345 2199 1401; x_wconf 89' lang='lat' dir='ltr'>foliolis</span> <span class='ocrx_word' id='word_1_147' title='bbox 2212 1371 2289 1402; x_wconf 81' lang='lat' dir='ltr'>ex-</span> 
     </span>
     <span class='ocr_line' id='line_1_19' title="bbox 489 1413 2286 1486; baseline 0.01 -27"><span class='ocrx_word' id='word_1_148' title='bbox 489 1414 620 1461; x_wconf 76' lang='lat' dir='ltr'>terius</span> <span class='ocrx_word' id='word_1_149' title='bbox 635 1420 941 1484; x_wconf 83' lang='lat' dir='ltr'>componitur,</span> <span class='ocrx_word' id='word_1_150' title='bbox 954 1433 1049 1485; x_wconf 85' lang='lat' dir='ltr'>quae</span> <span class='ocrx_word' id='word_1_151' title='bbox 1065 1416 1297 1466; x_wconf 87' lang='lat' dir='ltr'>mitralem</span> <span class='ocrx_word' id='word_1_152' title='bbox 1315 1414 1481 1466; x_wconf 85' lang='lat' dir='ltr'>habent</span> <span class='ocrx_word' id='word_1_153' title='bbox 1491 1413 1686 1486; x_wconf 85' lang='lat' dir='ltr'>figuram</span> <span class='ocrx_word' id='word_1_154' title='bbox 1699 1419 1759 1484; x_wconf 89' lang='grc' dir='ltr'>Α5</span> <span class='ocrx_word' id='word_1_155' title='bbox 1797 1416 2023 1472; x_wconf 70' lang='lat' dir='ltr'>succeffiva</span> <span class='ocrx_word' id='word_1_156' title='bbox 2039 1439 2194 1475; x_wconf 91' lang='lat' dir='ltr'>autem</span> <span class='ocrx_word' id='word_1_157' title='bbox 2208 1446 2286 1477; x_wconf 91' lang='lat' dir='ltr'>au-</span> 
     </span>
     <span class='ocr_line' id='line_1_20' title="bbox 489 1488 2288 1567; baseline 0.009 -31"><span class='ocrx_word' id='word_1_158' title='bbox 489 1492 654 1554; x_wconf 74' lang='lat' dir='ltr'>Ctione,</span> <span class='ocrx_word' id='word_1_159' title='bbox 686 1508 946 1562; x_wconf 84' lang='lat' dir='ltr'>emergente</span> <span class='ocrx_word' id='word_1_160' title='bbox 966 1488 1059 1540; x_wconf 87' lang='lat' dir='ltr'>folii</span> <span class='ocrx_word' id='word_1_161' title='bbox 1091 1492 1414 1544; x_wconf 88' lang='lat' dir='ltr'>inchoamento</span> <span class='ocrx_word' id='word_1_162' title='bbox 1429 1493 1488 1556; x_wconf 85' lang='grc' dir='ltr'>Β,</span> <span class='ocrx_word' id='word_1_163' title='bbox 1515 1491 1742 1562; x_wconf 89' lang='lat' dir='ltr'>reliquum</span> <span class='ocrx_word' id='word_1_164' title='bbox 1770 1494 1917 1545; x_wconf 62' lang='lat' dir='ltr'>media</span> <span class='ocrx_word' id='word_1_165' title='bbox 1938 1495 2001 1547; x_wconf 93' lang='lat' dir='ltr'>sui</span> <span class='ocrx_word' id='word_1_166' title='bbox 2012 1503 2220 1567; x_wconf 86' lang='lat' dir='ltr'>portione</span> <span class='ocrx_word' id='word_1_167' title='bbox 2239 1505 2288 1555; x_wconf 88' lang='lat' dir='ltr'>in</span> 
     </span>
     <span class='ocr_line' id='line_1_21' title="bbox 487 1565 2288 1637; baseline 0.006 -25"><span class='ocrx_word' id='word_1_168' title='bbox 487 1565 654 1630; x_wconf 87' lang='lat' dir='ltr'>pedioli</span> <span class='ocrx_word' id='word_1_169' title='bbox 670 1565 866 1635; x_wconf 86' lang='lat' dir='ltr'>speciem</span> <span class='ocrx_word' id='word_1_170' title='bbox 897 1571 929 1616; x_wconf 95' lang='lat' dir='ltr'><em>C</em></span> <span class='ocrx_word' id='word_1_171' title='bbox 958 1565 1225 1635; x_wconf 63' lang='lat' dir='ltr'>defigamur,</span> <span class='ocrx_word' id='word_1_172' title='bbox 1250 1586 1347 1637; x_wconf 86' lang='lat' dir='ltr'>quae</span> <span class='ocrx_word' id='word_1_173' title='bbox 1366 1572 1412 1616; x_wconf 90' lang='lat' dir='ltr'>in</span> <span class='ocrx_word' id='word_1_174' title='bbox 1426 1566 1730 1635; x_wconf 85' lang='lat' dir='ltr'>grandioribus</span> <span class='ocrx_word' id='word_1_175' title='bbox 1755 1569 1936 1618; x_wconf 91' lang='lat' dir='ltr'>redditis</span> <span class='ocrx_word' id='word_1_176' title='bbox 1953 1568 2288 1627; x_wconf 86' lang='lat' dir='ltr'>foliistani-</span> 
     </span>
     <span class='ocr_line' id='line_1_22' title="bbox 486 1634 2286 1711; baseline 0.007 -28"><span class='ocrx_word' id='word_1_177' title='bbox 486 1634 596 1687; x_wconf 77' lang='lat' dir='ltr'>festo</span> <span class='ocrx_word' id='word_1_178' title='bbox 608 1658 733 1707; x_wconf 90' lang='lat' dir='ltr'>patet</span> <span class='ocrx_word' id='word_1_179' title='bbox 754 1660 763 1688; x_wconf 94' lang='lat'><strong>:</strong></span> <span class='ocrx_word' id='word_1_180' title='bbox 804 1644 985 1690; x_wconf 87' lang='lat' dir='ltr'>Interim</span> <span class='ocrx_word' id='word_1_181' title='bbox 1017 1640 1190 1691; x_wconf 90' lang='lat' dir='ltr'>stabilia</span> <span class='ocrx_word' id='word_1_182' title='bbox 1205 1638 1315 1690; x_wconf 88' lang='lat' dir='ltr'>folia</span> <span class='ocrx_word' id='word_1_183' title='bbox 1328 1644 1368 1690; x_wconf 88' lang='lat' dir='ltr'><em>E</em></span> <span class='ocrx_word' id='word_1_184' title='bbox 1380 1639 1501 1689; x_wconf 91' lang='lat' dir='ltr'>fibris</span> <span class='ocrx_word' id='word_1_185' title='bbox 1515 1638 1742 1710; x_wconf 79' lang='lat' dir='ltr'>conspersa</span> <span class='ocrx_word' id='word_1_186' title='bbox 1756 1658 1984 1711; x_wconf 87' lang='lat' dir='ltr'>vegetant.</span> <span class='ocrx_word' id='word_1_187' title='bbox 2050 1647 2286 1706; x_wconf 51' lang='lat' dir='ltr'>Postrema,</span> 
     </span>
     <span class='ocr_line' id='line_1_23' title="bbox 488 1706 2284 1792; baseline 0.005 -32"><span class='ocrx_word' id='word_1_188' title='bbox 488 1712 687 1762; x_wconf 69' lang='lat' dir='ltr'>adauctis</span> <span class='ocrx_word' id='word_1_189' title='bbox 700 1706 798 1764; x_wconf 71' lang='lat' dir='ltr'>folii</span> <span class='ocrx_word' id='word_1_190' title='bbox 812 1715 1011 1783; x_wconf 89' lang='lat' dir='ltr'>partibus</span> <span class='ocrx_word' id='word_1_191' title='bbox 1026 1717 1086 1777; x_wconf 88' lang='lat' dir='ltr'>F,</span> <span class='ocrx_word' id='word_1_192' title='bbox 1108 1714 1330 1783; x_wconf 89' lang='lat' dir='ltr'>oblongus</span> <span class='ocrx_word' id='word_1_193' title='bbox 1354 1713 1609 1764; x_wconf 77' lang='lat' dir='ltr'>observatur</span> <span class='ocrx_word' id='word_1_194' title='bbox 1637 1715 1844 1783; x_wconf 88' lang='lat' dir='ltr'>pediolus</span> <span class='ocrx_word' id='word_1_195' title='bbox 1863 1719 1920 1779; x_wconf 91' lang='lat' dir='ltr'>G,</span> <span class='ocrx_word' id='word_1_196' title='bbox 1939 1718 2104 1768; x_wconf 68' lang='lat' dir='ltr'>costula</span> <span class='ocrx_word' id='word_1_197' title='bbox 2127 1725 2187 1773; x_wconf 90' lang='lat' dir='ltr'><em>H</em></span> <span class='ocrx_word' id='word_1_198' title='bbox 2203 1742 2284 1792; x_wconf 77' lang='lat' dir='ltr'>per</span> 
     </span>
     <span class='ocr_line' id='line_1_24' title="bbox 484 1793 967 1854; baseline 0.01 -23"><span class='ocrx_word' id='word_1_199' title='bbox 484 1793 674 1854; x_wconf 84' lang='lat' dir='ltr'>longum</span> <span class='ocrx_word' id='word_1_200' title='bbox 694 1805 967 1838; x_wconf 85' lang='lat' dir='ltr'>excurrente.</span> 
     </span>
    </p>

    <p class='ocr_par' dir='ltr' id='par_1_7' title="bbox 483 1861 2284 2006">
     <span class='ocr_line' id='line_1_25' title="bbox 551 1861 2284 1933; baseline 0.004 -22"><span class='ocrx_word' id='word_1_201' title='bbox 551 1863 713 1912; x_wconf 79' lang='lat' dir='ltr'>Paffim</span> <span class='ocrx_word' id='word_1_202' title='bbox 724 1863 810 1914; x_wconf 92' lang='lat' dir='ltr'>hoc</span> <span class='ocrx_word' id='word_1_203' title='bbox 824 1865 946 1914; x_wconf 89' lang='lat' dir='ltr'>idem</span> <span class='ocrx_word' id='word_1_204' title='bbox 963 1864 1125 1914; x_wconf 92' lang='lat' dir='ltr'>accidit</span> <span class='ocrx_word' id='word_1_205' title='bbox 1137 1866 1185 1911; x_wconf 91' lang='lat' dir='ltr'>in</span> <span class='ocrx_word' id='word_1_206' title='bbox 1200 1864 1322 1926; x_wconf 83' lang='lat' dir='ltr'>ebulo,</span> <span class='ocrx_word' id='word_1_207' title='bbox 1348 1868 1428 1912; x_wconf 70' lang='lat' dir='ltr'>vite</span> <span class='ocrx_word' id='word_1_208' title='bbox 1441 1863 1529 1912; x_wconf 86' lang='lat' dir='ltr'>alba</span> <span class='ocrx_word' id='word_1_209' title='bbox 1544 1861 1777 1929; x_wconf 66' lang='lat' dir='ltr'>&amp;stambuco</span> <span class='ocrx_word' id='word_1_210' title='bbox 1795 1864 1874 1926; x_wconf 81' lang='lat'>61,</span> <span class='ocrx_word' id='word_1_211' title='bbox 1908 1867 2031 1933; x_wconf 90' lang='lat' dir='ltr'>cujus</span> <span class='ocrx_word' id='word_1_212' title='bbox 2045 1882 2284 1926; x_wconf 84' lang='lat' dir='ltr'>externum</span> 
     </span>
     <span class='ocr_line' id='line_1_26' title="bbox 483 1935 2282 2006; baseline 0.007 -26"><span class='ocrx_word' id='word_1_213' title='bbox 483 1936 747 2005; x_wconf 72' lang='lat' dir='ltr'>tenellumq3</span> <span class='ocrx_word' id='word_1_214' title='bbox 760 1935 926 1987; x_wconf 90' lang='lat' dir='ltr'>folium</span> <span class='ocrx_word' id='word_1_215' title='bbox 942 1935 1182 2005; x_wconf 87' lang='lat' dir='ltr'>styliformi</span> <span class='ocrx_word' id='word_1_216' title='bbox 1206 1937 1448 2006; x_wconf 87' lang='lat' dir='ltr'>appendice</span> <span class='ocrx_word' id='word_1_217' title='bbox 1459 1936 1841 2004; x_wconf 77' lang='lat' dir='ltr'>Adonatur3idem</span> <span class='ocrx_word' id='word_1_218' title='bbox 1854 1941 2021 1988; x_wconf 64' lang='lat' dir='ltr'>auctius</span> <span class='ocrx_word' id='word_1_219' title='bbox 2037 1940 2282 2005; x_wconf 89' lang='lat' dir='ltr'>redditum,</span> 
     </span>
    </p>
   </div>
   <div class='ocr_carea' id='block_1_5' title="bbox 471 2007 2281 2156">
    <p class='ocr_par' dir='ltr' id='par_1_8' title="bbox 471 2007 2281 2156">
     <span class='ocr_line' id='line_1_27' title="bbox 482 2007 2280 2079; baseline 0.006 -24"><span class='ocrx_word' id='word_1_220' title='bbox 482 2007 814 2058; x_wconf 84' lang='lat' dir='ltr'>subrubicundis</span> <span class='ocrx_word' id='word_1_221' title='bbox 841 2012 1037 2060; x_wconf 88' lang='lat' dir='ltr'>utriculis</span> <span class='ocrx_word' id='word_1_222' title='bbox 1052 2028 1215 2079; x_wconf 89' lang='lat' dir='ltr'>turget,</span> <span class='ocrx_word' id='word_1_223' title='bbox 1240 2018 1289 2061; x_wconf 90' lang='lat'>&amp;</span> <span class='ocrx_word' id='word_1_224' title='bbox 1315 2014 1514 2079; x_wconf 90' lang='lat' dir='ltr'>quinque</span> <span class='ocrx_word' id='word_1_225' title='bbox 1536 2008 1751 2061; x_wconf 91' lang='lat' dir='ltr'>foliorum</span> <span class='ocrx_word' id='word_1_226' title='bbox 1775 2013 1818 2059; x_wconf 93' lang='grc' dir='ltr'><strong><em>Β</em></strong></span> <span class='ocrx_word' id='word_1_227' title='bbox 1845 2011 2102 2065; x_wconf 76' lang='lat' dir='ltr'>rudimenta</span> <span class='ocrx_word' id='word_1_228' title='bbox 2131 2034 2280 2066; x_wconf 89' lang='lat' dir='ltr'>emer-</span> 
     </span>
     <span class='ocr_line' id='line_1_28' title="bbox 471 2079 2281 2156; baseline 0.004 -28"><span class='ocrx_word' id='word_1_229' title='bbox 471 2097 596 2148; x_wconf 90' lang='lat' dir='ltr'>gunt.</span> <span class='ocrx_word' id='word_1_230' title='bbox 665 2085 771 2130; x_wconf 85' lang='lat' dir='ltr'>Haec</span> <span class='ocrx_word' id='word_1_231' title='bbox 797 2088 939 2133; x_wconf 66' lang='lat' dir='ltr'>tractu</span> <span class='ocrx_word' id='word_1_232' title='bbox 967 2089 1183 2152; x_wconf 89' lang='lat' dir='ltr'>temporis</span> <span class='ocrx_word' id='word_1_233' title='bbox 1211 2079 1446 2132; x_wconf 87' lang='lat' dir='ltr'>manifesta</span> <span class='ocrx_word' id='word_1_234' title='bbox 1474 2087 1507 2132; x_wconf 87' lang='lat' dir='ltr'><em>C</em></span> <span class='ocrx_word' id='word_1_235' title='bbox 1530 2082 1672 2147; x_wconf 89' lang='lat' dir='ltr'>fiunt,</span> <span class='ocrx_word' id='word_1_236' title='bbox 1706 2090 1754 2133; x_wconf 93' lang='lat'>&amp;</span> <span class='ocrx_word' id='word_1_237' title='bbox 1771 2082 2281 2156; x_wconf 75' lang='lat' dir='ltr'>reliquungracilius</span> 
     </span>
    </p>
   </div>
   <div class='ocr_carea' id='block_1_6' title="bbox 244 2155 2282 3353">
    <p class='ocr_par' dir='ltr' id='par_1_9' title="bbox 471 2155 2282 2446">
     <span class='ocr_line' id='line_1_29' title="bbox 471 2155 2280 2238; baseline 0.004 -34"><span class='ocrx_word' id='word_1_238' title='bbox 471 2155 708 2223; x_wconf 90' lang='lat' dir='ltr'>&amp;longius</span> <span class='ocrx_word' id='word_1_239' title='bbox 732 2157 954 2226; x_wconf 80' lang='lat' dir='ltr'>redditur3</span> <span class='ocrx_word' id='word_1_240' title='bbox 990 2158 1133 2208; x_wconf 90' lang='lat' dir='ltr'>adhuc</span> <span class='ocrx_word' id='word_1_241' title='bbox 1162 2174 1317 2207; x_wconf 89' lang='lat' dir='ltr'>tamen</span> <span class='ocrx_word' id='word_1_242' title='bbox 1343 2157 1616 2226; x_wconf 89' lang='lat' dir='ltr'>complicata</span> <span class='ocrx_word' id='word_1_243' title='bbox 1647 2161 1796 2226; x_wconf 88' lang='lat' dir='ltr'>jacent</span> <span class='ocrx_word' id='word_1_244' title='bbox 1831 2157 2008 2209; x_wconf 85' lang='lat' dir='ltr'>stabilia</span> <span class='ocrx_word' id='word_1_245' title='bbox 2036 2156 2280 2238; x_wconf 63' lang='lat' dir='ltr'>foliolaE,</span> 
     </span>
     <span class='ocr_line' id='line_1_30' title="bbox 473 2232 2279 2304; baseline 0.007 -25"><span class='ocrx_word' id='word_1_246' title='bbox 473 2250 570 2304; x_wconf 81' lang='lat' dir='ltr'>quae</span> <span class='ocrx_word' id='word_1_247' title='bbox 594 2232 749 2281; x_wconf 86' lang='lat' dir='ltr'>senfim</span> <span class='ocrx_word' id='word_1_248' title='bbox 778 2239 978 2285; x_wconf 69' lang='lat' dir='ltr'>auctiora</span> <span class='ocrx_word' id='word_1_249' title='bbox 1006 2235 1349 2286; x_wconf 90' lang='lat' dir='ltr'>conniventibus</span> <span class='ocrx_word' id='word_1_250' title='bbox 1378 2234 1576 2304; x_wconf 86' lang='lat' dir='ltr'>partibus</span> <span class='ocrx_word' id='word_1_251' title='bbox 1603 2237 1643 2284; x_wconf 83' lang='lat' dir='ltr'><em>F</em></span> <span class='ocrx_word' id='word_1_252' title='bbox 1663 2234 1920 2285; x_wconf 83' lang='lat' dir='ltr'>luxuriant:</span> <span class='ocrx_word' id='word_1_253' title='bbox 1955 2239 2065 2288; x_wconf 89' lang='lat' dir='ltr'>Haec</span> <span class='ocrx_word' id='word_1_254' title='bbox 2094 2242 2279 2292; x_wconf 89' lang='lat' dir='ltr'>tandem</span> 
     </span>
     <span class='ocr_line' id='line_1_31' title="bbox 473 2298 2282 2380; baseline 0.007 -27"><span class='ocrx_word' id='word_1_255' title='bbox 473 2298 596 2353; x_wconf 85' lang='lat' dir='ltr'>hiare</span> <span class='ocrx_word' id='word_1_256' title='bbox 616 2309 655 2354; x_wconf 96' lang='lat' dir='ltr'><strong><em>G</em></strong></span> <span class='ocrx_word' id='word_1_257' title='bbox 679 2309 895 2375; x_wconf 88' lang='lat' dir='ltr'>incipiunt</span> <span class='ocrx_word' id='word_1_258' title='bbox 912 2349 926 2372; x_wconf 95' lang='lat'>,</span> <span class='ocrx_word' id='word_1_259' title='bbox 955 2314 1004 2358; x_wconf 91' lang='lat'>&amp;</span> <span class='ocrx_word' id='word_1_260' title='bbox 1033 2310 1263 2376; x_wconf 75' lang='lat' dir='ltr'>postremo</span> <span class='ocrx_word' id='word_1_261' title='bbox 1284 2309 1440 2377; x_wconf 89' lang='lat' dir='ltr'>patula</span> <span class='ocrx_word' id='word_1_262' title='bbox 1453 2314 1516 2360; x_wconf 92' lang='lat' dir='ltr'><em>H</em></span> <span class='ocrx_word' id='word_1_263' title='bbox 1526 2309 1655 2372; x_wconf 86' lang='lat' dir='ltr'>fiunt,</span> <span class='ocrx_word' id='word_1_264' title='bbox 1688 2316 1737 2359; x_wconf 93' lang='lat'>&amp;</span> <span class='ocrx_word' id='word_1_265' title='bbox 1751 2309 1810 2358; x_wconf 89' lang='lat' dir='ltr'>ab</span> <span class='ocrx_word' id='word_1_266' title='bbox 1825 2309 2036 2378; x_wconf 84' lang='lat' dir='ltr'>elongato</span> <span class='ocrx_word' id='word_1_267' title='bbox 2047 2313 2230 2380; x_wconf 87' lang='lat' dir='ltr'>pediolo</span> <span class='ocrx_word' id='word_1_268' title='bbox 2253 2321 2282 2366; x_wconf 89' lang='grc' dir='ltr'><em>Ι</em></span> 
     </span>
     <span class='ocr_line' id='line_1_32' title="bbox 472 2380 685 2446; baseline 0.019 -20"><span class='ocrx_word' id='word_1_269' title='bbox 472 2380 685 2446; x_wconf 90' lang='lat' dir='ltr'>pendent.</span> 
     </span>
    </p>

    <p class='ocr_par' dir='ltr' id='par_1_10' title="bbox 244 2452 2273 3276">
     <span class='ocr_line' id='line_1_33' title="bbox 244 2452 2273 2533; baseline 0.005 -33"><span class='ocrx_word' id='word_1_270' title='bbox 244 2465 374 2514; x_wconf 61' lang='lat' dir='ltr'>TAB,</span> <span class='ocrx_word' id='word_1_271' title='bbox 394 2483 404 2512; x_wconf 63' lang='grc' dir='ltr'><strong>ι</strong></span> <span class='ocrx_word' id='word_1_272' title='bbox 422 2484 462 2533; x_wconf 68' lang='lat'>3,</span> <span class='ocrx_word' id='word_1_273' title='bbox 541 2453 734 2522; x_wconf 85' lang='lat' dir='ltr'>Elegans</span> <span class='ocrx_word' id='word_1_274' title='bbox 766 2455 828 2504; x_wconf 88' lang='lat' dir='ltr'>est</span> <span class='ocrx_word' id='word_1_275' title='bbox 849 2453 1066 2504; x_wconf 91' lang='lat' dir='ltr'>foliorum</span> <span class='ocrx_word' id='word_1_276' title='bbox 1083 2460 1189 2505; x_wconf 86' lang='lat' dir='ltr'>nucis</span> <span class='ocrx_word' id='word_1_277' title='bbox 1210 2458 1268 2505; x_wconf 83' lang='lat'>62</span> <span class='ocrx_word' id='word_1_278' title='bbox 1296 2459 1656 2522; x_wconf 76' lang='lat' dir='ltr'>incrementum3</span> <span class='ocrx_word' id='word_1_279' title='bbox 1690 2455 1839 2504; x_wconf 70' lang='lat' dir='ltr'>nama</span> <span class='ocrx_word' id='word_1_280' title='bbox 1857 2455 2029 2505; x_wconf 88' lang='lat' dir='ltr'>mitrali</span> <span class='ocrx_word' id='word_1_281' title='bbox 2045 2452 2194 2509; x_wconf 91' lang='lat' dir='ltr'>forma</span> <span class='ocrx_word' id='word_1_282' title='bbox 2221 2467 2273 2531; x_wconf 82' lang='lat' dir='ltr'>A,</span> 
     </span>
     <span class='ocr_line' id='line_1_34' title="bbox 469 2524 2272 2600; baseline 0.006 -28"><span class='ocrx_word' id='word_1_283' title='bbox 469 2541 567 2591; x_wconf 86' lang='lat' dir='ltr'>quae</span> <span class='ocrx_word' id='word_1_284' title='bbox 576 2529 730 2594; x_wconf 77' lang='lat' dir='ltr'>primo</span> <span class='ocrx_word' id='word_1_285' title='bbox 745 2533 953 2597; x_wconf 87' lang='lat' dir='ltr'>emergit,</span> <span class='ocrx_word' id='word_1_286' title='bbox 971 2527 1210 2597; x_wconf 86' lang='lat' dir='ltr'>oblongior</span> <span class='ocrx_word' id='word_1_287' title='bbox 1237 2527 1457 2595; x_wconf 77' lang='lat' dir='ltr'>confiirgit</span> <span class='ocrx_word' id='word_1_288' title='bbox 1473 2528 1690 2596; x_wconf 56' lang='lat' dir='ltr'>species&amp;</span> <span class='ocrx_word' id='word_1_289' title='bbox 1714 2558 1726 2594; x_wconf 99' lang='grc'><strong><em>5</em></strong></span> <span class='ocrx_word' id='word_1_290' title='bbox 1763 2524 1998 2578; x_wconf 88' lang='lat' dir='ltr'>succeffivo</span> <span class='ocrx_word' id='word_1_291' title='bbox 2024 2548 2272 2600; x_wconf 84' lang='lat' dir='ltr'>augmento</span> 
     </span>
     <span class='ocr_line' id='line_1_35' title="bbox 461 2599 2269 2675; baseline 0.007 -27"><span class='ocrx_word' id='word_1_292' title='bbox 461 2601 701 2672; x_wconf 88' lang='lat' dir='ltr'>oblongius</span> <span class='ocrx_word' id='word_1_293' title='bbox 714 2605 941 2656; x_wconf 87' lang='lat' dir='ltr'>redditum</span> <span class='ocrx_word' id='word_1_294' title='bbox 957 2602 1137 2670; x_wconf 80' lang='lat' dir='ltr'>folium,</span> <span class='ocrx_word' id='word_1_295' title='bbox 1153 2610 1200 2654; x_wconf 91' lang='lat' dir='ltr'>in</span> <span class='ocrx_word' id='word_1_296' title='bbox 1216 2611 1341 2674; x_wconf 90' lang='lat' dir='ltr'>apice</span> <span class='ocrx_word' id='word_1_297' title='bbox 1353 2599 1562 2654; x_wconf 89' lang='lat' dir='ltr'>incisuras</span> <span class='ocrx_word' id='word_1_298' title='bbox 1577 2607 1723 2672; x_wconf 92' lang='lat' dir='ltr'>aperit</span> <span class='ocrx_word' id='word_1_299' title='bbox 1737 2644 1750 2667; x_wconf 91' lang='lat'>,</span> <span class='ocrx_word' id='word_1_300' title='bbox 1784 2604 1903 2654; x_wconf 91' lang='lat' dir='ltr'>unde</span> <span class='ocrx_word' id='word_1_301' title='bbox 1918 2607 2184 2675; x_wconf 89' lang='lat' dir='ltr'>appendices</span> <span class='ocrx_word' id='word_1_302' title='bbox 2199 2609 2269 2671; x_wconf 88' lang='lat' dir='ltr'>seu</span> 
     </span>
     <span class='ocr_line' id='line_1_36' title="bbox 462 2675 2271 2753; baseline 0.003 -25"><span class='ocrx_word' id='word_1_303' title='bbox 462 2675 677 2728; x_wconf 87' lang='lat' dir='ltr'>foliorum</span> <span class='ocrx_word' id='word_1_304' title='bbox 694 2680 1008 2730; x_wconf 87' lang='lat' dir='ltr'>inchoamenta</span> <span class='ocrx_word' id='word_1_305' title='bbox 1023 2680 1331 2748; x_wconf 71' lang='lat' dir='ltr'>[emergunt3</span> <span class='ocrx_word' id='word_1_306' title='bbox 1367 2677 1536 2747; x_wconf 85' lang='lat' dir='ltr'>pedioli</span> <span class='ocrx_word' id='word_1_307' title='bbox 1554 2695 1734 2747; x_wconf 91' lang='lat' dir='ltr'>quoque</span> <span class='ocrx_word' id='word_1_308' title='bbox 1755 2680 1799 2726; x_wconf 95' lang='lat' dir='ltr'><em>D</em></span> <span class='ocrx_word' id='word_1_309' title='bbox 1825 2676 2159 2732; x_wconf 84' lang='lat' dir='ltr'>delineamenta</span> <span class='ocrx_word' id='word_1_310' title='bbox 2187 2702 2271 2753; x_wconf 91' lang='lat' dir='ltr'>ap-</span> 
     </span>
     <span class='ocr_line' id='line_1_37' title="bbox 462 2748 2268 2825; baseline 0.004 -26"><span class='ocrx_word' id='word_1_311' title='bbox 462 2767 639 2816; x_wconf 87' lang='lat' dir='ltr'>parent,</span> <span class='ocrx_word' id='word_1_312' title='bbox 667 2752 835 2821; x_wconf 87' lang='lat' dir='ltr'>ipsique</span> <span class='ocrx_word' id='word_1_313' title='bbox 864 2754 1005 2804; x_wconf 90' lang='lat' dir='ltr'>adhuc</span> <span class='ocrx_word' id='word_1_314' title='bbox 1027 2753 1211 2820; x_wconf 86' lang='lat' dir='ltr'>haerent,</span> <span class='ocrx_word' id='word_1_315' title='bbox 1238 2754 1378 2804; x_wconf 91' lang='lat' dir='ltr'>veluti</span> <span class='ocrx_word' id='word_1_316' title='bbox 1406 2752 1486 2803; x_wconf 84' lang='lat' dir='ltr'>alae</span> <span class='ocrx_word' id='word_1_317' title='bbox 1511 2756 1549 2802; x_wconf 88' lang='grc' dir='ltr'><em>Ε</em></span> <span class='ocrx_word' id='word_1_318' title='bbox 1579 2748 1676 2800; x_wconf 91' lang='lat' dir='ltr'>folii</span> <span class='ocrx_word' id='word_1_319' title='bbox 1705 2754 1951 2820; x_wconf 77' lang='lat' dir='ltr'>portiones,</span> <span class='ocrx_word' id='word_1_320' title='bbox 2018 2755 2268 2825; x_wconf 79' lang='lat' dir='ltr'>Elongatur</span> 
     </span>
     <span class='ocr_line' id='line_1_38' title="bbox 461 2827 2265 2899; baseline 0.003 -21"><span class='ocrx_word' id='word_1_321' title='bbox 461 2829 619 2878; x_wconf 73' lang='lat' dir='ltr'>sensim</span> <span class='ocrx_word' id='word_1_322' title='bbox 633 2830 838 2898; x_wconf 86' lang='lat' dir='ltr'>pediolus</span> <span class='ocrx_word' id='word_1_323' title='bbox 853 2834 902 2894; x_wconf 89' lang='lat' dir='ltr'>F,</span> <span class='ocrx_word' id='word_1_324' title='bbox 917 2837 962 2879; x_wconf 72' lang='grc' dir='ltr'>δε</span> <span class='ocrx_word' id='word_1_325' title='bbox 977 2831 1183 2897; x_wconf 89' lang='lat' dir='ltr'>gracilior</span> <span class='ocrx_word' id='word_1_326' title='bbox 1217 2830 1414 2881; x_wconf 87' lang='lat' dir='ltr'>redditur</span> <span class='ocrx_word' id='word_1_327' title='bbox 1431 2862 1442 2897; x_wconf 86' lang='lat'>3</span> <span class='ocrx_word' id='word_1_328' title='bbox 1478 2828 1696 2898; x_wconf 89' lang='lat' dir='ltr'>fimulque</span> <span class='ocrx_word' id='word_1_329' title='bbox 1712 2827 1927 2878; x_wconf 85' lang='lat' dir='ltr'>foliorum</span> <span class='ocrx_word' id='word_1_330' title='bbox 1946 2834 1984 2878; x_wconf 92' lang='lat' dir='ltr'><strong><em>G</em></strong></span> <span class='ocrx_word' id='word_1_331' title='bbox 1997 2835 2265 2899; x_wconf 86' lang='lat' dir='ltr'>eruptiones,</span> 
     </span>
     <span class='ocr_line' id='line_1_39' title="bbox 461 2899 2264 2973; baseline 0.005 -25"><span class='ocrx_word' id='word_1_332' title='bbox 461 2899 643 2954; x_wconf 87' lang='lat' dir='ltr'>lustrata</span> <span class='ocrx_word' id='word_1_333' title='bbox 665 2924 826 2955; x_wconf 86' lang='lat' dir='ltr'>eorum</span> <span class='ocrx_word' id='word_1_334' title='bbox 839 2904 895 2952; x_wconf 92' lang='lat' dir='ltr'>de</span> <span class='ocrx_word' id='word_1_335' title='bbox 923 2903 1118 2972; x_wconf 87' lang='lat' dir='ltr'>sylvestri</span> <span class='ocrx_word' id='word_1_336' title='bbox 1132 2921 1277 2973; x_wconf 89' lang='lat' dir='ltr'>parte,</span> <span class='ocrx_word' id='word_1_337' title='bbox 1303 2900 1675 2954; x_wconf 90' lang='lat' dir='ltr'>manifestantur:</span> <span class='ocrx_word' id='word_1_338' title='bbox 1714 2907 1765 2952; x_wconf 93' lang='lat' dir='ltr'>In</span> <span class='ocrx_word' id='word_1_339' title='bbox 1780 2903 1944 2952; x_wconf 88' lang='lat' dir='ltr'>eodem</span> <span class='ocrx_word' id='word_1_340' title='bbox 1969 2906 2136 2972; x_wconf 85' lang='lat' dir='ltr'>pariter</span> <span class='ocrx_word' id='word_1_341' title='bbox 2151 2902 2264 2957; x_wconf 88' lang='lat' dir='ltr'>folio</span> 
     </span>
     <span class='ocr_line' id='line_1_40' title="bbox 464 2977 2257 3049; baseline 0.002 -23"><span class='ocrx_word' id='word_1_342' title='bbox 464 2980 645 3026; x_wconf 73' lang='lat' dir='ltr'>interius</span> <span class='ocrx_word' id='word_1_343' title='bbox 675 2996 828 3048; x_wconf 87' lang='lat' dir='ltr'>patent</span> <span class='ocrx_word' id='word_1_344' title='bbox 861 2997 1137 3048; x_wconf 87' lang='lat' dir='ltr'>emergentes</span> <span class='ocrx_word' id='word_1_345' title='bbox 1166 2980 1340 3029; x_wconf 83' lang='lat' dir='ltr'>costulae</span> <span class='ocrx_word' id='word_1_346' title='bbox 1368 2984 1449 3042; x_wconf 87' lang='lat' dir='ltr'>H,</span> <span class='ocrx_word' id='word_1_347' title='bbox 1484 2978 1647 3047; x_wconf 88' lang='lat' dir='ltr'>quibus</span> <span class='ocrx_word' id='word_1_348' title='bbox 1676 2977 1831 3030; x_wconf 91' lang='lat' dir='ltr'>foliola</span> <span class='ocrx_word' id='word_1_349' title='bbox 1856 2998 2257 3049; x_wconf 87' lang='lat' dir='ltr'>coagmentantur:</span> 
     </span>
     <span class='ocr_line' id='line_1_41' title="bbox 465 3053 2260 3124; baseline 0.001 -19"><span class='ocrx_word' id='word_1_350' title='bbox 465 3057 699 3118; x_wconf 88' lang='lat' dir='ltr'>Tandem,</span> <span class='ocrx_word' id='word_1_351' title='bbox 715 3053 1023 3124; x_wconf 89' lang='lat' dir='ltr'>gracilescente</span> <span class='ocrx_word' id='word_1_352' title='bbox 1036 3055 1249 3124; x_wconf 89' lang='lat' dir='ltr'>pediculo</span> <span class='ocrx_word' id='word_1_353' title='bbox 1263 3059 1307 3119; x_wconf 92' lang='lat' dir='ltr'>I,</span> <span class='ocrx_word' id='word_1_354' title='bbox 1340 3054 1590 3104; x_wconf 88' lang='lat' dir='ltr'>internodia</span> <span class='ocrx_word' id='word_1_355' title='bbox 1606 3055 1948 3124; x_wconf 83' lang='lat' dir='ltr'>Kelongantur,</span> <span class='ocrx_word' id='word_1_356' title='bbox 1963 3061 2010 3105; x_wconf 90' lang='lat'>&amp;</span> <span class='ocrx_word' id='word_1_357' title='bbox 2029 3055 2178 3106; x_wconf 86' lang='lat' dir='ltr'>laxata</span> <span class='ocrx_word' id='word_1_358' title='bbox 2192 3053 2260 3106; x_wconf 82' lang='lat' dir='ltr'>fo-</span> 
     </span>
     <span class='ocr_line' id='line_1_42' title="bbox 468 3128 2259 3201; baseline 0.002 -23"><span class='ocrx_word' id='word_1_359' title='bbox 468 3133 524 3182; x_wconf 83' lang='lat' dir='ltr'>lia</span> <span class='ocrx_word' id='word_1_360' title='bbox 552 3137 588 3182; x_wconf 92' lang='lat' dir='ltr'><em>L</em></span> <span class='ocrx_word' id='word_1_361' title='bbox 614 3131 769 3180; x_wconf 88' lang='lat' dir='ltr'>senfim</span> <span class='ocrx_word' id='word_1_362' title='bbox 793 3135 1075 3201; x_wconf 79' lang='lat' dir='ltr'>aperiuntur3</span> <span class='ocrx_word' id='word_1_363' title='bbox 1111 3136 1305 3182; x_wconf 87' lang='lat' dir='ltr'>exterior</span> <span class='ocrx_word' id='word_1_364' title='bbox 1333 3130 1524 3200; x_wconf 90' lang='lat' dir='ltr'>pediculi</span> <span class='ocrx_word' id='word_1_365' title='bbox 1553 3135 1718 3199; x_wconf 88' lang='lat' dir='ltr'>pariter</span> <span class='ocrx_word' id='word_1_366' title='bbox 1736 3134 1886 3200; x_wconf 87' lang='lat' dir='ltr'>portio</span> <span class='ocrx_word' id='word_1_367' title='bbox 1912 3128 2051 3201; x_wconf 86' lang='lat' dir='ltr'>fungis</span> <span class='ocrx_word' id='word_1_368' title='bbox 2084 3138 2131 3181; x_wconf 91' lang='lat'>&amp;</span> <span class='ocrx_word' id='word_1_369' title='bbox 2159 3133 2259 3201; x_wconf 81' lang='lat' dir='ltr'>pilis</span> 
     </span>
     <span class='ocr_line' id='line_1_43' title="bbox 466 3211 800 3276; baseline -0.003 -19"><span class='ocrx_word' id='word_1_370' title='bbox 466 3212 523 3257; x_wconf 87' lang='lat' dir='ltr'><em>M</em></span> <span class='ocrx_word' id='word_1_371' title='bbox 531 3211 800 3276; x_wconf 91' lang='lat' dir='ltr'>cooperitur.</span> 
     </span>
    </p>

    <p class='ocr_par' dir='ltr' id='par_1_11' title="bbox 536 3282 2254 3353">
     <span class='ocr_line' id='line_1_44' title="bbox 536 3282 2254 3353; baseline 0.002 -24"><span class='ocrx_word' id='word_1_372' title='bbox 536 3286 584 3330; x_wconf 88' lang='lat' dir='ltr'>In</span> <span class='ocrx_word' id='word_1_373' title='bbox 600 3288 706 3333; x_wconf 84' lang='lat' dir='ltr'>malis</span> <span class='ocrx_word' id='word_1_374' title='bbox 732 3288 1152 3334; x_wconf 82' lang='lat' dir='ltr'>limoniis&amp;aurantii5</span> <span class='ocrx_word' id='word_1_375' title='bbox 1183 3287 1261 3351; x_wconf 83' lang='lat'>63,</span> <span class='ocrx_word' id='word_1_376' title='bbox 1290 3282 1505 3334; x_wconf 89' lang='lat' dir='ltr'>foliorum</span> <span class='ocrx_word' id='word_1_377' title='bbox 1524 3302 1817 3353; x_wconf 86' lang='lat' dir='ltr'>augmentum</span> <span class='ocrx_word' id='word_1_378' title='bbox 1833 3287 1955 3332; x_wconf 86' lang='lat' dir='ltr'>mito</span> <span class='ocrx_word' id='word_1_379' title='bbox 1966 3286 2132 3351; x_wconf 87' lang='lat' dir='ltr'>pariter</span> <span class='ocrx_word' id='word_1_380' title='bbox 2162 3283 2254 3332; x_wconf 90' lang='lat' dir='ltr'>suc-</span> 
     </span>
    </p>
   </div>
   <div class='ocr_carea' id='block_1_7' title="bbox 466 3356 2252 3496">
    <p class='ocr_par' dir='ltr' id='par_1_12' title="bbox 466 3356 2252 3496">
     <span class='ocr_line' id='line_1_45' title="bbox 466 3356 2252 3426; baseline 0.001 -22"><span class='ocrx_word' id='word_1_381' title='bbox 466 3357 578 3404; x_wconf 87' lang='lat' dir='ltr'>cedit</span> <span class='ocrx_word' id='word_1_382' title='bbox 602 3357 804 3406; x_wconf 86' lang='lat' dir='ltr'>artificio.</span> <span class='ocrx_word' id='word_1_383' title='bbox 874 3362 1106 3407; x_wconf 86' lang='lat' dir='ltr'>Exteriora</span> <span class='ocrx_word' id='word_1_384' title='bbox 1133 3377 1328 3426; x_wconf 87' lang='lat' dir='ltr'>gemmae</span> <span class='ocrx_word' id='word_1_385' title='bbox 1357 3356 1511 3408; x_wconf 90' lang='lat' dir='ltr'>foliola</span> <span class='ocrx_word' id='word_1_386' title='bbox 1543 3359 1820 3426; x_wconf 88' lang='lat' dir='ltr'>quandoque</span> <span class='ocrx_word' id='word_1_387' title='bbox 1840 3357 2039 3407; x_wconf 87' lang='lat' dir='ltr'>mitralia</span> <span class='ocrx_word' id='word_1_388' title='bbox 2065 3362 2103 3406; x_wconf 91' lang='lat' dir='ltr'><em>A</em></span> <span class='ocrx_word' id='word_1_389' title='bbox 2122 3356 2252 3406; x_wconf 82' lang='lat' dir='ltr'>affur-</span> 
     </span>
     <span class='ocr_line' id='line_1_46' title="bbox 466 3423 2250 3496; baseline -0.001 -25"><span class='ocrx_word' id='word_1_390' title='bbox 466 3440 577 3490; x_wconf 88' lang='lat' dir='ltr'>gunt</span> <span class='ocrx_word' id='word_1_391' title='bbox 595 3455 606 3490; x_wconf 93' lang='grc'><strong><em>5</em></strong></span> <span class='ocrx_word' id='word_1_392' title='bbox 623 3426 847 3473; x_wconf 87' lang='lat' dir='ltr'>interdum</span> <span class='ocrx_word' id='word_1_393' title='bbox 865 3441 1097 3474; x_wconf 87' lang='lat' dir='ltr'>curvatam</span> <span class='ocrx_word' id='word_1_394' title='bbox 1110 3444 1327 3493; x_wconf 89' lang='lat' dir='ltr'>promunt</span> <span class='ocrx_word' id='word_1_395' title='bbox 1340 3425 1458 3496; x_wconf 83' lang='lat' dir='ltr'>quasi</span> <span class='ocrx_word' id='word_1_396' title='bbox 1473 3423 1770 3492; x_wconf 87' lang='lat' dir='ltr'>styliformem</span> <span class='ocrx_word' id='word_1_397' title='bbox 1786 3424 2076 3493; x_wconf 88' lang='lat' dir='ltr'>appendicem</span> <span class='ocrx_word' id='word_1_398' title='bbox 2093 3424 2134 3469; x_wconf 89' lang='grc' dir='ltr'><strong><em>Β</em></strong></span> <span class='ocrx_word' id='word_1_399' title='bbox 2145 3453 2158 3484; x_wconf 84' lang='lat'>,-</span> <span class='ocrx_word' id='word_1_400' title='bbox 2182 3443 2250 3473; x_wconf 91' lang='lat' dir='ltr'>re-</span> 
     </span>
    </p>
   </div>
   <div class='ocr_carea' id='block_1_8' title="bbox 467 3495 2250 3644">
    <p class='ocr_par' dir='ltr' id='par_1_13' title="bbox 467 3495 2250 3644">
     <span class='ocr_line' id='line_1_47' title="bbox 467 3495 2249 3571; baseline -0.002 -24"><span class='ocrx_word' id='word_1_401' title='bbox 467 3501 588 3567; x_wconf 88' lang='lat' dir='ltr'>liqua</span> <span class='ocrx_word' id='word_1_402' title='bbox 602 3499 711 3548; x_wconf 78' lang='lat' dir='ltr'>vero</span> <span class='ocrx_word' id='word_1_403' title='bbox 728 3500 759 3546; x_wconf 93' lang='lat' dir='ltr'><em>C</em></span> <span class='ocrx_word' id='word_1_404' title='bbox 769 3497 893 3548; x_wconf 89' lang='lat' dir='ltr'>brevi</span> <span class='ocrx_word' id='word_1_405' title='bbox 908 3501 1083 3567; x_wconf 91' lang='lat' dir='ltr'>pollent</span> <span class='ocrx_word' id='word_1_406' title='bbox 1105 3501 1286 3569; x_wconf 88' lang='lat' dir='ltr'>pediolo</span> <span class='ocrx_word' id='word_1_407' title='bbox 1302 3543 1315 3565; x_wconf 91' lang='lat'>,</span> <span class='ocrx_word' id='word_1_408' title='bbox 1339 3503 1363 3550; x_wconf 73' lang='lat' dir='ltr'>a</span> <span class='ocrx_word' id='word_1_409' title='bbox 1382 3520 1473 3571; x_wconf 89' lang='lat' dir='ltr'>quo</span> <span class='ocrx_word' id='word_1_410' title='bbox 1502 3498 1596 3549; x_wconf 87' lang='lat' dir='ltr'>folii</span> <span class='ocrx_word' id='word_1_411' title='bbox 1626 3501 1990 3549; x_wconf 89' lang='lat' dir='ltr'>inchoamentum</span> <span class='ocrx_word' id='word_1_412' title='bbox 2006 3499 2048 3544; x_wconf 91' lang='lat' dir='ltr'><em>D</em></span> <span class='ocrx_word' id='word_1_413' title='bbox 2064 3495 2249 3566; x_wconf 81' lang='lat' dir='ltr'>elonga-</span> 
     </span>
     <span class='ocr_line' id='line_1_48' title="bbox 467 3570 2250 3644; baseline -0.003 -20"><span class='ocrx_word' id='word_1_414' title='bbox 467 3594 535 3624; x_wconf 86' lang='lat' dir='ltr'>tur</span> <span class='ocrx_word' id='word_1_415' title='bbox 553 3607 565 3638; x_wconf 82' lang='lat'>,-</span> <span class='ocrx_word' id='word_1_416' title='bbox 599 3592 695 3643; x_wconf 90' lang='lat' dir='ltr'>quae</span> <span class='ocrx_word' id='word_1_417' title='bbox 711 3576 866 3622; x_wconf 89' lang='lat' dir='ltr'>omnia</span> <span class='ocrx_word' id='word_1_418' title='bbox 881 3577 1078 3625; x_wconf 85' lang='lat' dir='ltr'>veficulis</span> <span class='ocrx_word' id='word_1_419' title='bbox 1092 3578 1195 3626; x_wconf 88' lang='lat' dir='ltr'>oleo</span> <span class='ocrx_word' id='word_1_420' title='bbox 1209 3576 1373 3627; x_wconf 84' lang='lat' dir='ltr'>refertis</span> <span class='ocrx_word' id='word_1_421' title='bbox 1399 3577 1685 3644; x_wconf 86' lang='lat' dir='ltr'>asperguntur</span> <span class='ocrx_word' id='word_1_422' title='bbox 1701 3616 1713 3639; x_wconf 87' lang='lat'>,</span> <span class='ocrx_word' id='word_1_423' title='bbox 1746 3570 2069 3639; x_wconf 86' lang='lat' dir='ltr'>emergentibus</span> <span class='ocrx_word' id='word_1_424' title='bbox 2085 3576 2250 3640; x_wconf 89' lang='lat' dir='ltr'>pariter</span> 
     </span>
    </p>
   </div>
   <div class='ocr_carea' id='block_1_9' title="bbox 2145 3646 2245 3713">
    <p class='ocr_par' dir='ltr' id='par_1_14' title="bbox 2145 3646 2245 3713">
     <span class='ocr_line' id='line_1_49' title="bbox 2145 3646 2245 3713; baseline -0.01 -20"><span class='ocrx_word' id='word_1_425' title='bbox 2145 3646 2245 3713; x_wconf 87' lang='lat' dir='ltr'>pilis</span> 
     </span>
    </p>
   </div>
  </div>
 </body>
</html>
