2600 3952
851 215 1185 286 ‚mAnatome
1209 210 1552 279 Plantarum.

313 348 396 383 tur.
463 334 731 404 Hujusmodi
763 335 870 383 folia
887 350 1042 401 praeter
1072 336 1299 397 utriculos,
1339 336 1465 384 succo
1490 335 1692 398 refertos,
1728 334 1942 384 fibrarum
1970 331 2089 383 fasci-

311 411 432 458 culos
450 415 562 460 intus
591 410 858 469 custodiunt,
894 409 969 472 qui
997 408 1020 454 a
1036 406 1243 475 plantulae
1265 408 1410 455 radice
1423 409 1624 475 producti
1652 412 1674 473 ζ
1677 426 1721 457 ut
1747 427 1843 456 mos
1856 408 1938 467 est)
1956 406 2089 456 folio-

310 501 411 531 rum
436 484 760 552 longitudinem
775 497 1036 541 excurrunt3
1074 479 1191 527 unde
1205 483 1250 527 in
1271 480 1442 527 tenellis
1472 480 1706 530 seminibus
1730 482 1898 550 spiralis
1923 483 2088 531 trachee

312 573 430 605 zona
451 555 643 606 solvitur.
712 560 870 602 Patent
907 570 1058 602 autern
1090 552 1340 620 hujusmodi
1368 549 1560 601 fasciculi
1594 573 1696 604 cum
1727 557 1918 619 trachea,
1953 561 1999 605 in
2026 558 2083 606 se-

310 633 435 678 mine
460 630 658 679 cucurbitae
690 646 799 694 329,
834 635 880 676 &
908 629 1107 695 quinque
1124 641 1414 674 numerantur
1439 625 1689 692 infigniores
1707 633 1820 676 rami
1850 638 1899 691 A,
1933 632 2083 698 aquo-

308 721 407 750 rum
434 700 640 751 lateribus
664 701 921 750 reticulares
949 700 1108 768 plexus
1136 716 1377 760 emanant3
1414 698 1531 746 unde
1561 697 1628 762 fit,
1661 700 1717 748 de
1748 719 1890 764 more,
1925 721 2082 753 mutua

308 773 616 835 anastomofis3
651 773 805 841 singuli
838 778 882 821 in
899 772 1170 822 cauliculum
1199 776 1564 821 &continuatam
1595 773 1789 821 radicem
1822 777 1860 822 Β
1877 775 2087 827 definunt„

310 847 460 895 Tenui
483 845 749 895 obvelantur
774 844 882 894 folia
895 846 985 894 haec
1014 845 1344 908 membranula,
1375 862 1424 893 ut
1449 846 1694 913 plurimum
1719 846 1861 896 lucida
1875 888 1889 910 ,
1923 866 2018 916 quae
2045 856 2091 899 in

306 920 486 986 reliquis
511 920 728 986 praecipue
756 919 1056 988 leguminibus
1089 916 1361 968 observatur.
1430 918 1663 967 Perfimilis
1687 919 1898 970 structura
1921 924 1966 969 in
1989 937 2089 971 cata-

297 998 411 1057 putiae
447 1013 538 1062 330
559 994 727 1042 semine
740 997 967 1061 reperitur.
1035 995 1176 1059 Hujus
1190 992 1389 1060 plantula
1407 990 1636 1040 secundina
1649 997 1698 1053 A,
1732 998 1962 1042 &carneis
1975 1000 2085 1045 utri-

305 1067 415 1115 culis
446 1070 486 1115 Β
504 1067 799 1131 circundatur,
834 1063 1066 1135 geminisq3
1098 1065 1266 1114 constat
1288 1062 1418 1128 foliis,
1447 1066 1471 1113 a
1497 1058 1657 1132 quibus
1683 1064 1951 1117 costularum
1977 1087 2084 1136 pro-

301 1140 459 1207 gressus
485 1145 518 1190 C
547 1145 764 1203 eminent,
798 1148 846 1191 δι
865 1142 981 1190 intus
1003 1141 1186 1190 tracheae
1199 1139 1479 1188 conduntur:
1520 1142 1713 1187 Gemina
1741 1139 1830 1186 haec
1858 1139 1965 1190 folia
1983 1162 2085 1190 cau-

300 1210 440 1262 liculo
468 1219 514 1263 &
537 1214 670 1264 radici
699 1216 743 1261 D
785 1215 1107 1282 appenduntur.
1175 1218 1364 1262 Exarata
1407 1210 1546 1274 folia,
1594 1214 1736 1259 trunci
1778 1215 2001 1281 principio
2034 1222 2083 1263 &

302 1290 564 1335 continuatae
590 1287 723 1334 radici
751 1286 931 1350 haerent,
965 1287 1090 1355 quod
1117 1302 1238 1354 patet
1265 1291 1311 1334 in
1331 1285 1448 1354 faba,
1471 1283 1622 1353 fhseolis
1640 1326 1652 1347 ,
1685 1290 1733 1333 &
1759 1287 1943 1334 cicercula
1977 1306 2084 1355 331,

299 1361 344 1406 in
377 1377 484 1428 qua,
515 1364 625 1408 inter
639 1365 922 1427 gemmamA
946 1367 993 1410 δι
1011 1361 1208 1409 radicem
1236 1361 1294 1422 Β,
1327 1358 1505 1407 brachia
1533 1357 1603 1406 seu
1625 1357 1819 1426 pediculi
1851 1361 1882 1406 C
1893 1364 2085 1426 exporrin

298 1450 472 1499 guntur,
506 1433 778 1497 subrotundi,
812 1432 1069 1503 brevesque,
1104 1430 1413 1502 &subingreffi
1433 1430 1508 1481 vel
1525 1431 1658 1480 laxati
1675 1433 1721 1477 in
1737 1429 1900 1480 folium
1914 1435 1975 1494 D,
2001 1433 2082 1481 ob-

299 1505 542 1554 literantur.
609 1507 831 1556 Constant
848 1506 1059 1556 fibrarum
1100 1504 1321 1568 fasciculo,
1347 1505 1470 1555 velut
1487 1504 1648 1553 accidit
1674 1503 1853 1571 reliquis
1868 1501 2081 1555 foliorum

296 1581 489 1646 petiolis,
524 1582 548 1628 a
562 1599 653 1648 quo
665 1582 952 1630 utriculornm
963 1584 1138 1630 ordines
1164 1581 1374 1648 pendenti

361 1723 589 1789 Qaelibet
614 1724 836 1774 leminalis
858 1724 1061 1793 plantula
1090 1723 1246 1794 infigni
1278 1724 1449 1773 constat
1471 1726 1628 1771 conico
1654 1725 1856 1791 quodam
1882 1742 2086 1794 corpore²

294 1798 437 1863 quod,
473 1798 574 1847 licet
606 1796 802 1866 speciem
835 1802 976 1847 trunci
1002 1839 1015 1861 ,
1048 1795 1120 1846 seu
1148 1798 1287 1848 caulis
1318 1797 1508 1859 habeat,
1542 1815 1697 1846 revera.
1737 1815 1891 1846 tamen
1912 1838 1926 1859 ,
1952 1801 2025 1862 (ut
2039 1802 2086 1847 in

294 1866 456 1913 Diario
477 1868 732 1932 Vegetationis
750 1868 972 1931 plantarum
1008 1865 1222 1932 patebit,)
1249 1864 1339 1914 fere
1355 1881 1504 1913 totum
1536 1864 1779 1914 absumitur
1809 1868 1856 1911 in
1871 1865 2086 1929 radicem,

297 1942 346 1985 &
362 1932 529 1986 flaturus
553 1953 749 2002 truncus,
785 1936 857 1986 seu
871 1938 1082 2007 plantulae
1097 1938 1252 2002 caulis,
1285 1939 1427 1988 adhuc
1452 1941 1498 1986 in
1511 1935 1932 2007 seminaliplantula
1948 1943 2086 1987 mini-

292 2027 392 2056 mus
419 2028 557 2072 extat,
594 2018 642 2060 δι
677 2010 755 2060 sub
779 2011 920 2078 specie
945 2031 1136 2078 gemmae
1163 2015 1457 2078 Vegetatione
1501 2011 1719 2061 attollitur
1756 2019 1804 2061 &
1834 2011 2084 2078 elongatur.

294 2079 635 2131 Manifestantur
653 2081 915 2130 haecomnia
950 2084 1104 2149 paffim
1127 2086 1172 2128 in
1194 2082 1427 2129 delineatis
1449 2081 1700 2142 leminibuS,
1730 2089 1775 2129 &
1798 2085 2016 2148 praecipue
2040 2089 2085 2131 in

294 2156 508 2223 amygdala,
542 2161 590 2204 &
626 2156 763 2218 cerasis
802 2173 924 2221 3323
954 2159 1073 2219 cujus
1116 2172 1302 2221 gemma
1338 2159 1374 2204 A
1403 2172 1566 2221 parum
1601 2155 1854 2201 acuminata
1885 2155 2084 2207 constans

295 2219 469 2288 forma,
493 2223 710 2275 foliorum
736 2227 1084 2294 complicatione
1131 2229 1371 2292 excitatur-3
1407 2225 1486 2277 sub
1527 2226 1627 2288 hac,
1663 2227 1842 2275 lacerati
1869 2227 2083 2293 pediculi,

294 2301 342 2347 in
367 2297 530 2348 folium
557 2299 672 2347 oli'm
701 2299 902 2366 exp-anfi,
934 2303 1114 2348 cicatrix
1155 2301 1197 2346 Β
1242 2299 1522 2361 observatur3
1557 2298 1668 2347 infra
1696 2301 1836 2363 vero,
1872 2301 2081 2366 plantulae

293 2372 421 2420 radix
451 2376 483 2420 C
515 2375 824 2440 exporrigitur.
892 2376 941 2419 In
977 2379 1076 2438 pomi
1118 2378 1332 2422 Armeniaci
1369 2372 1534 2421 semine
1565 2391 1672 2440 333,
1705 2371 1934 2440 plantula,
1967 2374 2081 2424 ultra

292 2449 475 2512 gemina
490 2441 600 2493 folia
612 2463 794 2493 carnem
820 2443 1146 2506 constituentia,
1181 2447 1335 2494 conica
1361 2445 1507 2493 radice
1533 2449 1570 2493 A
1593 2444 1781 2506 constat,
1816 2452 1863 2494 δι
1892 2464 2081 2511 gemma

293 2517 491 2586 pluribus
518 2518 834 2567 laciniatorum
860 2514 1077 2566 foliorum
1103 2517 1328 2566 ordinibus
1382 2519 1421 2565 Β
1452 2517 1654 2580 donatur,
1689 2521 1769 2584 qui
1793 2521 1984 2584 geminis
2014 2518 2083 2568 fo-

294 2590 415 2639 liolis
445 2590 692 2639 convolutis
723 2593 755 2637 C
789 2589 1104 2638 custodiuntur.
1174 2594 1225 2637 In
1246 2592 1431 2657 juglande
1470 2588 1647 2656 elegans
1673 2589 1734 2638 est
1771 2590 1962 2656 plantulcc²
1989 2590 2081 2659 spe-

294 2666 380 2709 cies
410 2680 528 2728 334:
563 2665 719 2709 Brevis
742 2667 789 2710 δε
819 2661 1013 2729 depreffa
1036 2662 1171 2710 valde
1198 2663 1259 2710 est
1288 2666 1434 2730 portio
1451 2703 1464 2725 ,
1493 2664 1583 2729 qua
1622 2664 1747 2711 radix
1784 2667 1820 2713 A
1852 2663 2053 2713 statuitur
2063 2703 2079 2733 3

295 2733 518 2800 reliquum
561 2736 704 2783 trunci
733 2736 779 2780 in
791 2751 1026 2800 gemmam
1055 2733 1315 2797 absumitur,
1339 2739 1460 2800 cujus
1492 2752 1605 2802 apex
1633 2736 1673 2783 Β
1698 2734 1981 2803 complicatis
2010 2733 2079 2785 fo-

293 2807 367 2856 liis
396 2805 706 2874 conglobatur.
774 2810 822 2854 In
839 2805 1020 2874 faseolis,
1046 2807 1299 2856 evidentior
1328 2807 1390 2855 est
1413 2825 1605 2875 gemmae
1637 2806 1933 2856 conformatio
1966 2827 2076 2875 335,

293 2877 416 2940 cujus
451 2872 560 2922 folia
602 2875 766 2941 parum
803 2874 1012 2940 explicita
1050 2871 1311 2925 consuetam
1349 2873 1522 2925 [ervant
1547 2871 1775 2937 formam,
1803 2878 1865 2922 ita
1901 2893 1949 2925 ut
1976 2876 2074 2924 bre-

293 2953 343 2997 vi
371 2964 550 3016 pateant
576 2954 625 2997 &
662 2949 927 3015 aperiantur.
994 2949 1272 2998 OEulbaceorum
1306 2956 1354 2998 δι
1398 2947 1613 2997 fimilium
1640 2946 1871 2996 seminales
1895 2948 2074 3014 plantu-

295 3020 348 3070 1ae
359 3062 374 3085 ,
421 3020 600 3083 radice,
636 3027 685 3069 δι
727 3021 907 3087 gem-ma
935 3060 949 3083 ,
997 3021 1133 3071 veluti
1188 3021 1432 3088 cylindrico
1478 3035 1662 3068 curvato
1701 3038 1917 3089 corpore,
1968 3039 2072 3069 con-

296 3094 442 3157 stant,
482 3091 604 3160 quod
632 3091 929 3159 utplurimum
979 3093 1163 3142 candida
1202 3093 1464 3153 substantia,
1500 3092 1695 3142 utriculis
1725 3095 1931 3143 contenta
1949 3135 1962 3159 ,
2000 3113 2075 3142 cu-

295 3166 510 3215 stoditur:
553 3164 821 3232 Hujusmodi
849 3181 966 3233 patet
990 3169 1037 3214 in
1063 3168 1167 3227 lilio,
1198 3166 1407 3232 asparago,
1444 3171 1491 3213 &
1525 3164 1667 3232 sativis
1698 3170 1799 3233 caepis
1829 3170 1937 3234 336,
1976 3186 2075 3236 quae

295 3239 537 3307 multiplici
564 3239 899 3290 involucrorum
926 3239 1080 3289 ordine
1116 3245 1153 3290 A
1179 3237 1264 3288 sese
1293 3242 1492 3288 invicem
1530 3240 1858 3288 continentium
1889 3258 2073 3311 compo-

296 3329 473 3362 nuntur.

360 3459 492 3508 Sensu
521 3461 650 3527 igitur
677 3474 961 3525 compertum
995 3456 1207 3506 habemus
1227 3497 1239 3518 ,
1278 3459 1323 3503 in
1349 3459 1447 3521 jam
1478 3455 1682 3524 expositis
1722 3458 1869 3508 Uteris
1891 3455 2066 3522 foetum,

292 3524 537 3593 plantulam
553 3525 712 3577 scilicet
725 3522 1000 3588 seminalem,
1012 3527 1198 3592 gigni,&
1217 3520 1375 3585 foveri,
1387 3529 1433 3573 ὃς
1450 3526 1495 3571 in
1508 3528 1790 3591 vegetatione
1808 3528 1954 3592 juvari
1974 3545 1984 3572 :
2015 3531 2064 3573 In

1905 3593 2065 3641 horum

2170 241 2250 298 79
