2638 3926
783 235 873 293 De
903 235 1188 294 Radicibus
1212 236 1523 298 Plantarum.

291 390 408 428 men
436 366 530 427 hac
551 367 699 425 mora
731 365 1079 442 fermentatur,
1122 372 1174 427 ὃ(
1209 371 1551 449 excoquitur:
1592 370 1729 430 unde
1768 376 1958 432 recenti
1984 371 2096 433 sub-

291 450 581 512 ministrato
607 450 637 507 a
663 449 773 510 solo
798 450 1035 527 humore,
1078 451 1159 510 vel
1199 474 1267 511 ex
1291 450 1448 535 seipso
1473 455 1524 511 in
1549 477 1702 514 novae
1727 478 1942 537 gemmae
1978 481 2094 518 cau-

291 535 390 596 lem
419 534 665 595 dedudtus
690 560 705 608 3
748 538 1128 619 vegetationem
1155 538 1340 595 iterum
1366 536 1599 611 inchoat,
1640 563 1748 599 non
1772 538 1959 622 dispari
1976 542 2094 614 via,

290 643 352 680 ac
376 625 428 680 in
454 638 660 696 trunco,
703 626 754 681 ὃ(
779 619 921 682 caule
944 620 1090 702 supra
1116 636 1304 678 terram
1345 622 1641 680 luxuriante
1679 624 1864 684 accidit
1891 648 1902 683 :
1944 627 1997 685 in
2022 625 2094 685 his

290 707 427 764 enim
510 704 808 766 robabiliter
853 703 976 764 folia
999 708 1048 762 ὃ(
1091 722 1277 763 cortex
1309 709 1583 766 excodtum
1628 704 1832 766 succum
1875 708 2093 786 surcu10,

288 792 371 848 cui
394 727 702 866 insgruntur,
745 792 1046 858 remittunt3
1087 792 1175 870 qui
1209 790 1261 848 in
1286 788 1701 851 horizontalibus
1732 790 1962 851 utriculis
1998 793 2093 853 fer-

287 892 564 946 mentatus,
609 874 870 954 vegetanti
898 870 1111 932 tandem
1146 896 1360 956 gemmae
1384 878 1435 934 in
1473 875 1621 938 axilla
1647 875 1834 958 praestb
1859 875 1947 951 est,
1989 878 2093 937 una

286 981 408 1019 cum
437 957 635 1040 reliquo
658 957 909 1031 humore,
949 960 1039 1040 qui
1062 959 1114 1017 in
1135 958 1498 1041 grandioribus
1519 965 1671 1022 ramis
1693 967 1743 1021 ὃ(
1769 979 1959 1021 trunco
1981 960 2094 1045 ipso

287 1041 587 1102 custoditur.

370 1123 438 1185 N
439 1148 495 1185 ec
522 1128 577 1184 in
599 1128 925 1208 vegetatione
946 1125 1052 1209 ipsa
1076 1126 1362 1210 discrepant
1383 1126 1595 1204 Radix,
1614 1129 1777 1205 tuber,
1820 1135 1873 1192 ὃ(
1893 1129 2093 1204 bulbus,

286 1210 354 1271 ab
379 1208 622 1293 elongato
644 1213 699 1271 in
720 1233 831 1270 aere
867 1229 1070 1271 trunco,
1155 1211 1298 1270 Sicut
1343 1214 1480 1268 enim
1518 1213 1684 1271 tenelli
1713 1212 1891 1273 surculi
1929 1238 2091 1275 anno-

285 1299 398 1370 tini,
431 1299 484 1355 &
511 1294 772 1355 interdum
794 1313 1029 1377 turgente
1051 1294 1318 1369 alimentO,
1352 1295 1664 1375 antiquiores
1688 1300 1834 1370 rami,
1865 1303 1916 1356 &
1949 1316 2092 1358 trun·

285 1403 374 1439 cus
395 1377 515 1462 ipse,
555 1401 724 1439 novas
763 1384 815 1439 in
839 1399 960 1439 vere
1000 1396 1215 1438 exerunt
1240 1400 1488 1460 gemmaS,
1521 1402 1636 1461 quae
1675 1382 1729 1438 in
1756 1378 1998 1456 surculos,
2042 1388 2095 1441 &

284 1481 461 1523 uteros
490 1479 876 1544 prorumpunt,
913 1463 987 1522 ita
1024 1466 1078 1520 in
1115 1462 1365 1521 arborum
1396 1460 1710 1537 Radicibus,
1746 1464 1777 1522 a
1816 1465 2004 1526 tenellis
2033 1466 2094 1525 fi-

283 1546 388 1607 bris
432 1546 690 1607 delineatae
727 1543 854 1604 olim
900 1567 1117 1628 gemmae
1152 1547 1206 1604 in
1247 1544 1495 1607 radiculas
1541 1548 1919 1629 producuntur,
1958 1556 2011 1611 &
2040 1553 2092 1610 in

286 1630 453 1692 bulbis
474 1647 795 1712 erumpentes
816 1630 1029 1689 tandem
1052 1628 1245 1690 radices
1272 1629 1560 1713 (corruptis
1588 1633 1994 1715 antiquioribus)
2008 1633 2095 1693 ali-

285 1719 582 1775 mentitium
620 1713 823 1773 succum
848 1713 1197 1797 suppeditant.
1283 1716 1344 1773 ln
1366 1714 1608 1798 plerisque
1630 1717 1795 1776 herbis
1819 1719 1850 1775 a
1876 1716 1979 1776 basi
2002 1741 2093 1800 pa·

284 1803 408 1860 riter
444 1816 758 1880 emergentes
792 1820 1027 1880 gemmae,
1067 1796 1305 1858 Radices
1348 1821 1558 1883 quoque
1597 1803 1870 1873 emittunt3
1911 1804 2093 1883 priori—

219 1944 225 1947 ,
286 1884 384 1945 bus
421 1882 598 1944 senfim
624 1881 1013 1943 tabescentibus
1098 1880 1204 1941 His
1252 1882 1484 1958 accedat,
1524 1883 1671 1965 quod
1697 1883 1825 1944 ficut
1847 1885 2097 1945 arborum

285 1971 455 2030 trunci
501 1967 719 2050 aliquot,
761 1967 1043 2049 reliquique
1082 1968 1215 2026 rami
1246 1965 1418 2040 excifi,
1460 1966 1748 2050 frequenter
1776 1990 1943 2028 novas
1975 1992 2093 2029 exe-

283 2070 409 2114 runt
448 2074 695 2136 gemmas,
736 2073 852 2134 quae
885 2054 941 2110 in
978 2047 1199 2110 surculos
1228 2049 1560 2126 attolluntur,
1600 2050 1804 2134 suasque
1840 2071 2095 2135 promunt

285 2135 552 2209 Radices3
593 2136 730 2195 idem
769 2141 823 2193 ὃ(
862 2137 916 2193 in
936 2133 1182 2195 tuberum
1210 2139 1265 2194 &
1297 2132 1578 2196 bulborum
1608 2134 1833 2195 frustulis
1868 2136 2059 2196 accidit
2083 2162 2095 2196 :

286 2221 539 2282 fibrarum
560 2220 747 2279 etenim
773 2214 992 2277 fasciculi
1032 2241 1124 2300 per
1166 2217 1468 2278 tuberosum
1502 2219 1740 2300 produffl
1779 2241 1987 2302 coerS,
2028 2244 2095 2280 ex

287 2305 592 2365 adveniente
628 2302 695 2361 ab
735 2299 968 2383 appensis
1002 2298 1233 2361 utriculis
1274 2300 1489 2382 copioso
1535 2300 1703 2376 suem,
1761 2305 1987 2386 turgidi3
2042 2309 2095 2364 in

288 2409 548 2472 gemmam
573 2385 795 2467 indeque
817 2386 872 2444 in
895 2384 1092 2444 caulem
1123 2383 1406 2459 luxuriant,
1449 2391 1501 2445 ὃ(
1526 2385 1770 2446 radiculas
1793 2393 2050 2449 emittunt.

374 2469 506 2544 Qia
560 2473 760 2529 ratione
815 2485 989 2528 autem
1024 2467 1323 2528 alimentum
1376 2467 1607 2530 Radices
1651 2469 2092 2555 subingrediatur3

290 2579 438 2617 meos
459 2553 631 2614 adhuc
652 2550 814 2613 sensus
836 2549 980 2611 fallit.
1066 2550 1154 2612 Ut
1170 2550 1506 2634 probabiliter
1534 2572 1710 2615 tamen
1744 2556 2014 2636 conjediari
2038 2557 2094 2616 li-

293 2658 414 2712 cet,
453 2661 484 2698 a
521 2660 625 2698 ueae
648 2634 910 2720 particulae
927 2633 1119 2696 solutos
1142 2634 1280 2710 iales,
1321 2641 1374 2697 &
1397 2637 1590 2722 reliqua
1614 2639 1867 2701 mineralia
1888 2664 1978 2723 per
1997 2659 2094 2700 ter-

294 2747 405 2785 ram
442 2661 673 2806 dispersa,
714 2720 806 2782 fibi
834 2719 1101 2796 associant,
1143 2742 1204 2781 ac
1240 2720 1403 2782 fluida
1443 2723 1702 2784 reddunt:
1744 2722 2097 2808 appellensque

295 2806 590 2887 hujustnodi
611 2806 1003 2889 heterogeneum
1036 2828 1236 2888 corpus
1275 2804 1343 2865 ad
1382 2806 1673 2890 plantarum
1699 2809 1965 2884 radiculaS,
2008 2830 2096 2868 ve-

295 2892 392 2953 luti
420 2914 511 2977 per
540 2889 768 2952 cribrum
782 2890 1077 2968 trajfflum3
1117 2892 1171 2949 in
1185 2888 1370 2973 ligneas
1397 2891 1583 2953 fistulas
1596 2895 1915 2977 exprimitur.
2001 2892 2097 2952 Ξο-

297 2977 406 3037 lum
441 2980 643 3052 etenim,
682 2974 1022 3059 utplurimum
1066 2973 1344 3035 vitrefaffls
1382 2975 1621 3052 frustulis,
1661 2977 1820 3039 salinis
1868 2978 2093 3060 particu-

298 3061 374 3136 lis,
415 3059 845 3143 metallorumque
873 3057 1210 3144 portiunculis
1248 3080 1671 3143 coagmentatur:
1711 3061 1849 3123 unde
1891 3059 2093 3143 pluvia-

299 3143 357 3205 lis
377 3166 529 3226 aqua,
569 3145 728 3205 veluti
753 3168 845 3228 per
865 3166 1227 3227 emporaceam
1241 3143 1478 3205 chartam
1509 3146 1786 3228 percolata,
1827 3143 2097 3228 solutilque

299 3225 625 3289 mineralibus
670 3233 1042 3312 impraegnata,
1082 3230 1302 3311 proprio
1338 3229 1583 3312 pondere,
1622 3235 1675 3290 &
1710 3234 1936 3313 urgentis
1971 3234 2098 3290 aeris

302 3312 481 3372 elatere
503 3312 797 3395 impellitur,
820 3319 872 3373 ὃ(
887 3330 1208 3374 occurrentes
1233 3310 1528 3395 plantarum
1552 3313 1738 3374 fistulas
1765 3315 1917 3390 subit,
1941 3314 1971 3372 a
1986 3318 2096 3397 qui-

306 3395 400 3455 bus
436 3400 489 3457 in
514 3395 853 3458 transversales
890 3397 1093 3457 ordines
1129 3416 1459 3457 exoneratur.
1544 3396 1606 3459 In
1643 3399 1933 3460 animalium
1972 3421 2098 3458 ven-

305 3481 492 3539 triculis
525 3481 714 3543 cibaria
746 3484 902 3541 variae
925 3500 1138 3555 naturae,
1178 3488 1231 3542 &
1251 3480 1520 3563 aliqualem
1558 3482 1732 3544 sortita
1769 3483 2096 3557 soliditatem,

307 3562 547 3624 menstrui
585 3590 689 3650 ope
721 3570 774 3627 in
816 3565 1038 3626 fluorem
1080 3566 1431 3627 reducuntur:
1487 3567 1827 3628 intercedente
1877 3588 2100 3649 namque

307 3647 716 3725 fermentatione,
757 3649 826 3711 ad
854 3652 1014 3733 quarn
1041 3652 1251 3711 minima
1288 3651 1468 3712 intima
1503 3650 1717 3713 miscella
1750 3655 1968 3713 invicem
2008 3649 2099 3710 ad-

1833 3752 2100 3820 aptantur,

2162 246 2232 325 83
