2664 3944
390 191 464 250 82
965 171 1399 231 MARCELLI
1443 168 1911 229 MALPIGHJI

554 373 744 424 viventis
772 379 1014 431 compages
1024 360 1303 428 compendio
1329 360 1595 428 praeexistat,
1621 367 1669 411 &
1701 377 1794 410 teta
1821 355 1911 410 fere
1923 363 2140 410 austioni's
2152 371 2339 417 materia

550 447 611 496 ab
639 459 760 494 extra
785 439 995 488 adveniat
1019 454 1030 483 z
1063 439 1112 483 In
1124 435 1209 483 hoc
1223 435 1398 483 tantum
1414 435 1589 485 diflerre
1615 434 1810 498 videtur,
1836 430 1961 502 quod
1990 435 2267 490 manifestior
2279 442 2341 492 est

539 517 734 583 seminalis
757 514 942 580 plantulae
968 507 1165 577 expofita
1194 526 1434 577 compages
1476 514 1614 559 carina
1637 508 1958 558 inchoamento
1975 549 1990 572 ‚
2017 510 2141 578 quod
2166 516 2341 564 anima-

552 590 670 637 lium
697 585 1000 635 cicatricularn
1027 597 1244 649 occupat:
1283 587 1345 631 Et
1379 585 1426 630 in
1455 584 1599 631 Utero
1623 601 1822 638 »novum
1842 585 2168 652 Viviparorum
2199 604 2341 638 ovum

554 679 821 730 perpetuam
845 657 956 708 subit
967 656 1245 717 auctionem,
1271 662 1318 704 &
1353 658 1671 718 mutationem,
1695 655 1932 727 percolatis
1953 659 2166 708 continuo
2195 658 2345 728 succis,

554 736 582 784 ὲ
610 734 917 783 circumstante
937 730 1082 777 Utero
1105 726 1424 777 decidentibus·
1491 730 1648 776 Minus
1667 727 1888 778 diffonum
1905 738 2056 780 tamen
2070 735 2154 781 erit
2165 733 2346 803 reliquis

551 804 928 874 Jmperfeetorum
956 805 1054 852 ovis
1071 841 1084 864 ‚
1114 819 1241 870 quae,
1278 801 1506 870 particulis
1533 806 1719 870 receptis
1751 802 1808 851 ab
1826 821 1977 870 extra,
1995 810 2265 874 turgentiam
2298 813 2346 860 in

555 895 771 929 contento
791 876 1150 944 colliquarnento
1178 877 1439 943 patiuntur3
1476 874 1566 924 haec
1593 875 1703 925 v'ero
1730 875 1926 926 humidis
1951 879 2179 947 particulis
2204 879 2349 933 soluto

562 950 782 1002 fermento
798 993 811 1015 ,
838 970 999 1014 ovum,
1030 948 1301 999 constituens
1331 950 1605 1018 plantulam,
1622 969 1796 1020 turgere
1808 950 1927 1017 facit,
1955 970 2006 1004 ut
2029 953 2157 1005 brevi
2170 957 2351 1008 distuffo

560 1031 724 1076 cortice
738 1041 960 1096 erumpat.

628 1105 699 1151 Ex
714 1101 778 1151 his
803 1104 933 1170 igitur
959 1096 1251 1167 probabiliter
1281 1098 1545 1149 concludere
1579 1098 1744 1163 licebit,
1765 1098 2025 1168 plantarum
2052 1101 2203 1153 femen
2228 1109 2355 1156 Ovum

557 1174 644 1226 esse
661 1218 675 1240 ‚
700 1172 860 1244 foeturn
895 1172 1284 1243 principalioribus
1320 1176 1695 1243 compaginatum
1727 1174 1928 1244 partibus
1956 1179 2203 1241 continens,
2229 1179 2355 1246 quod

561 1269 642 1317 per
667 1267 810 1298 annos
823 1249 964 1299 etiam
991 1245 1252 1298 foecundum
1266 1249 1518 1299 conservari
1531 1248 1690 1318 potest,
1721 1249 1867 1300 donec
1879 1266 2079 1319 turgente
2093 1247 2358 1322 subingreffo

561 1325 772 1373 exteriori
805 1321 996 1372 humore
1019 1320 1146 1390 ipfius
1167 1340 1310 1391 partes
1335 1323 1646 1392 explicatiores
1671 1323 1911 1374 reddantur
1929 1364 1944 1388 ‚
1965 1331 2015 1374 δι
2036 1328 2100 1375 ita
2132 1328 2357 1396 Vegetans

560 1400 672 1448 oriri
699 1399 871 1450 dicatur
900 1396 1116 1466 plantula.
1185 1397 1366 1466 Singula
1391 1398 1483 1448 haec
1510 1396 1817 1449 manifestiora
1838 1395 1948 1449 fient
1962 1399 2102 1449 diaria
2131 1402 2363 1471 Vegetan-

566 1475 684 1521 tium
695 1473 885 1541 jeminum
918 1472 1155 1540 indagine3
1184 1487 1382 1540 quorum
1407 1472 1638 1523 historiam
1667 1479 1718 1523 δι
1745 1477 1911 1538 icones,
1936 1478 2041 1524 Deo
2051 1469 2247 1538 favente,
2272 1478 2361 1527 una

560 1549 676 1597 cum
695 1547 972 1616 reliquarum
990 1549 1188 1615 partium
1200 1548 1418 1617 promiffis
1430 1545 1701 1618 imaginibus
1715 1546 1939 1596 dabimus.
1987 1551 2186 1612 Interim,
2201 1552 2362 1599 Amice

566 1624 728 1687 lect‘or,
754 1623 836 1685 his,
848 1614 982 1688 fiquae
996 1621 1205 1680 arrident,
1230 1619 1395 1681 fruere,
1417 1622 1580 1686 mihiq;
1595 1621 1782 1685 aliquod
1794 1624 1897 1671 vitae
1912 1620 2105 1689 spatium
2119 1624 2270 1672 minus
2281 1641 2364 1672 va·
2417 1662 2421 1664 -

563 1698 837 1753 letudinariae
856 1693 1015 1750 lubens
1027 1703 1225 1761 precare.-

1131 2799 1686 2885 Ριωςις.
