2600 3952
427 254 500 308 70
1002 217 1431 276 MARCELLI
1475 209 1942 270 MALPIGHJI

591 351 756 404 alveoli
775 353 821 392 δι
835 343 989 407 vagitu(²
1002 348 1284 383 excavantur.
1317 329 1469 380 offeus
1484 329 1683 395 nucleus,
1714 334 1964 400 pericarpio
1976 336 2226 398 continuus,
2254 355 2362 404 prae-

587 426 765 488 cipitato
779 406 1147 471 tartar0,durescit
1163 437 1175 469 5
1196 405 1354 455 iisdem
1370 407 1494 455 enim
1506 405 1804 456 utriculorum
1818 405 2005 456 seriebus
2020 410 2067 457 in
2080 427 2282 461 centrum
2293 415 2363 463 in-

590 494 760 542 clinatis
776 486 1078 550 componitur,
1112 483 1194 548 qui
1212 481 1455 530 tartarizati
1470 475 1556 529 fere
1570 477 1877 531 obliterantur.

649 569 697 611 In
724 556 1071 626 quamplurimis
1084 554 1244 623 plantis
1259 559 1472 624 exiguum
1488 558 1535 603 in
1545 569 1675 604 utero
1691 556 1938 606 extenditur
1952 560 2269 628 pericarpium,
2282 560 2365 612 sub

584 652 675 702 quo
703 648 859 680 tamen
885 630 1025 679 osseus
1041 629 1225 679 nucleus
1250 625 1469 679 inclusum
1482 627 1672 677 custodit
1695 629 1858 678 semen.
1924 635 2025 682 Hoc
2051 635 2209 702 paffim
2231 638 2279 684 in
2289 638 2367 704 spi..

579 726 779 756 naceorum
805 709 895 773 285
912 722 1071 774 genere
1094 701 1367 766 observatur,
1401 705 1451 750 in
1472 717 1568 769 quo
1581 704 1740 751 Uterus
1765 708 1803 752 A
1821 705 1978 770 gracili
1996 709 2236 760 utriculoso
2248 715 2367 781 peri-

576 783 733 849 carpio
761 784 937 849 tegitur,
971 776 1096 844 quod
1121 779 1166 825 in
1193 780 1376 845 gemina
1404 774 1528 845 quasi
1554 774 1841 825 cornicula&
1867 781 2107 847 attollitur,-
2141 790 2257 836 intus
2281 806 2365 840 ve-

579 854 632 902 ro
665 852 803 902 osseus
840 851 1019 900 nucleus
1059 849 1316 900 custoditur.
1383 850 1490 899 Alia
1526 852 1689 918 pariter
1720 848 1928 917 spinacea
1965 855 2170 925 asperum
2197 859 2366 919 habent

580 943 759 974 uterum
801 926 857 990 C,
891 927 1059 992 exiguis
1094 924 1289 975 utriculis
1322 937 1590 992 coopertum
1608 963 1622 986 ,
1667 922 1907 991 insignibus
1943 931 2270 998 emergentibus
2294 950 2368 985 tu-

578 998 764 1048 berculis
793 1032 806 1068 3
852 1003 900 1049 in
939 998 1200 1049 summitate
1244 1016 1397 1050 autem
1437 999 1642 1048 minimae
1693 1014 2044 1067 contorquentur
2093 1013 2363 1062 acuminatae

580 1071 695 1121 tubae
722 1077 782 1123 D.

647 1150 874 1200 Hactenus
893 1154 1107 1217 pericarpia
1139 1149 1318 1199 scrutati
1346 1147 1494 1198 sumus
1516 1189 1530 1212 ,
1562 1146 1722 1216 quibus
1748 1147 1875 1195 uteri
1907 1151 1955 1196 in
1967 1148 2193 1203 seminum
2218 1155 2364 1205 custo-⁴

578 1220 704 1271 diam
741 1222 967 1273 ditantur:
1006 1227 1056 1272 In
1103 1222 1331 1273 nonnullis
1372 1238 1530 1272 tamen
1557 1222 1706 1270 Uteris
1749 1219 2012 1271 desideratur
2053 1229 2370 1296 pericarpium,

349 1310 399 1359 T
400 1329 511 1378 AB.5
521 1332 563 1363 Ο.
577 1294 715 1363 ejusq3
745 1297 1026 1364 locoligneae
1051 1300 1304 1365 eruptiones
1334 1295 1571 1345 adduntur.
1639 1298 1705 1342 Ita
1726 1297 1774 1341 in
1801 1296 1979 1361 castaneis
1999 1300 2112 1362 286,
2143 1300 2288 1352 adhuc
2301 1318 2370 1354 te-

577 1368 723 1430 nellis,
758 1368 890 1437 calyx
916 1366 1188 1435 observatur,
1226 1373 1273 1419 in
1301 1385 1396 1437 quo
1412 1385 1499 1420 tres
1510 1366 1623 1435 Styli
1644 1364 1717 1416 seu
1729 1368 1858 1416 Uteri
1885 1369 2183 1424 includuntur.
2250 1380 2370 1428 Inte-

571 1444 663 1490 rior
693 1439 821 1509 ipsius
849 1447 1107 1494 concavitas
1130 1444 1234 1513 pilis
1264 1441 1465 1492 candidis
1506 1437 1770 1510 mollibusq;
1802 1458 2011 1512 ornatur3
2043 1451 2235 1497 exterior
2258 1452 2370 1502 verb

569 1514 737 1583 duplici
770 1517 1077 1586 appendicum
1112 1536 1275 1587 genere
1314 1519 1597 1586 contegitur,-
1629 1514 1720 1565 alia
1747 1519 1873 1567 enim
1897 1517 1997 1568 sunt
2032 1521 2156 1590 quafi
2184 1526 2370 1592 gracilia¹

574 1595 622 1638 &
644 1590 838 1660 oblonga
869 1589 981 1642 folia
1007 1597 1060 1657 A,
1092 1609 1173 1661 per
1200 1592 1391 1660 longum
1405 1590 1571 1654 situata,
1599 1589 1773 1659 reliqua
1800 1591 1911 1641 vero
1936 1592 2076 1644 veluti
2101 1594 2370 1663 styliformes

574 1664 794 1731 processus
820 1680 1079 1733 erumpunt,
1115 1668 1179 1714 ita
1202 1681 1253 1714 ut
1266 1665 1432 1715 horum
1446 1664 1570 1714 series
1584 1665 1752 1713 mediet
1779 1665 1971 1715 alterum
2008 1664 2224 1721 foliorum
2251 1674 2372 1725 ordi-

573 1756 682 1787 nem
716 1745 763 1790 A.
828 1739 1004 1788 Trastu
1018 1740 1235 1804 temporis
1251 1737 1453 1785 echinata
1471 1736 1563 1784 haec
1588 1734 1785 1803 capsula,
1820 1739 1998 1787 craffior
2010 1741 2204 1807 reddita,
2236 1744 2371 1798 fibra..

572 1828 678 1860 rum
710 1811 1057 1877 productionem
1099 1812 1131 1858 C
1175 1808 1390 1873 admittit,
1421 1814 1473 1860 δι
1501 1804 1694 1857 solidato
1722 1811 1772 1856 in
1816 1809 2012 1859 utriculis
2037 1811 2194 1881 succo,
2226 1817 2275 1867 in
2300 1818 2371 1870 os-

572 1882 696 1933 seam
723 1883 846 1953 quafi
881 1900 1093 1935 naturam
1133 1883 1387 1951 degenerat.
1467 1884 1706 1931 Interiores
1736 1881 1818 1949 pili
1848 1886 1895 1931 D
1942 1883 2086 1936 adhuc
2114 1887 2372 1969 supersunt,

571 1964 620 2006 &
649 1957 894 2007 obliteratis
917 1959 1107 2008 exterius
1136 1955 1358 2007 foliorum
1382 1956 1630 2019 ordinibus,
1663 1954 1931 2021 styliformes
1960 1961 2198 2028 proceffUS,
2222 1970 2371 2034 gemi-

570 2026 700 2084 natis,
718 2022 842 2090 quafi
856 2027 994 2072 ramis
1018 2028 1055 2074 E
1077 2027 1123 2071 in
1149 2028 1429 2074 acuminatas
1448 2022 1724 2088 degenerant
1741 2020 1899 2088 spinas,
1935 2027 2093 2092 quibus
2120 2031 2254 2099 calyx
2266 2035 2369 2085 tali-

570 2114 635 2147 ter
655 2094 914 2144 constitutus
946 2106 1176 2142 contentos
1203 2093 1369 2141 fructus
1395 2090 1555 2141 ambit.

637 2172 689 2217 In
709 2162 980 2236 quibusdam
995 2168 1307 2234 Pericarpium
1330 2165 1408 2216 vel
1426 2166 1556 2215 Uteri
1595 2163 1835 2216 substantia
1849 2207 1865 2231 ,
1897 2170 1924 2217 ὲ
1962 2174 2188 2243 principio
2210 2180 2371 2233 molli-

573 2245 685 2293 tiem
715 2242 881 2305 sortita,
914 2240 1204 2291 diuturnitate
1229 2242 1449 2308 temporis
1472 2238 1620 2308 lignea
1638 2245 1688 2291 &
1714 2236 1806 2291 fere
1820 2240 1936 2293 ossea
1959 2245 2157 2298 redditur
2179 2268 2191 2298 τ
2227 2255 2292 2304 Ita
2315 2258 2366 2306 in

574 2317 746 2386 cupresso
776 2320 867 2376 287
896 2315 1064 2385 copiosi
1078 2314 1279 2383 pendent
1303 2316 1450 2379 Uteri,
1484 2331 1635 2377 nuceS,
1667 2317 1787 2379 coni,
1821 2315 1982 2384 baccae,
2017 2327 2066 2370 &
2088 2321 2258 2390 galbuli
2284 2347 2367 2399 ap-

573 2390 745 2458 pellati,
779 2393 862 2458 qui
894 2392 941 2438 in
963 2405 1030 2439 tot
1066 2387 1203 2456 stylos
1236 2386 1365 2436 divifi
1410 2390 1673 2455 congeriem
1711 2391 1935 2458 excitant3
1972 2396 2158 2444 exterius
2195 2404 2366 2452 etenim

574 2462 826 2507 eminentiae
854 2456 1066 2523 quaedam
1097 2463 1164 2519 A,
1197 2455 1398 2523 plurium
1424 2453 1725 2522 angulorum,
1756 2458 1821 2505 ita
1845 2473 1894 2505 ut
1916 2457 2002 2508 sese
2023 2463 2221 2514 invicem
2252 2485 2363 2518 con-

576 2546 773 2598 tangant,
806 2528 928 2596 quasi
944 2528 1045 2595 styli
1076 2527 1384 2596 protuberant,
1417 2530 1465 2575 in
1482 2525 1641 2595 quibus
1668 2530 1847 2578 interius
1876 2530 2099 2587 sefflinum
2118 2537 2257 2590 loculi
2280 2560 2368 2594 ex-.

571 2608 788 2664 citantur,-
819 2604 845 2650 a
870 2600 1081 2670 pediculo
1107 2620 1306 2671 namque
1326 2602 1475 2671 ligneo
1489 2603 1548 2665 Β,
1583 2603 1772 2670 copiosae
1794 2602 1948 2672 ligneae
1973 2605 2127 2660 fistulae
2153 2615 2242 2664 una
2255 2634 2363 2669 cum

569 2677 758 2728 tracheis
788 2677 820 2724 C
828 2673 1105 2725 diramantur
1133 2674 1234 2723 hinc
1261 2676 1381 2739 inde,
1412 2675 1576 2744 quibus
1603 2675 1744 2727 veluti
1774 2680 2075 2750 pericarpium
2102 2687 2148 2734 D
2174 2686 2363 2740 affundi-

569 2770 650 2805 tur.
723 2753 842 2799 Inter
864 2765 1061 2818 utramq3
1090 2753 1327 2818 pericarpii
1352 2753 1612 2817 portionem
1628 2754 1673 2802 D
1702 2750 1875 2802 cellulae
1901 2758 2160 2824 excitantur,
2191 2763 2357 2830 quibus

570 2824 742 2874 semina
765 2827 805 2874 E
840 2818 1076 2887 foventur,
1112 2822 1232 2872 unde
1257 2828 1400 2873 tractu
1421 2827 1657 2892 temporiS,
1690 2826 2112 2896 maturatosemine,
2144 2835 2362 2889 exsiccato

568 2902 842 2970 pericarpio,
876 2898 1117 2967 interpositi
1136 2901 1392 2966 aperiuntur
1418 2904 1467 2948 &
1493 2898 1697 2948 laxantur
1724 2899 1893 2966 hiatus,
1920 2921 1969 2954 ut
1997 2904 2171 2958 semina
2195 2908 2359 2979 disper,

568 2991 745 3044 gantur.
812 2976 1051 3041 Pericarpii
1089 2974 1234 3022 moles
1272 2970 1418 3022 taliter
1439 2970 1766 3039 configuratur:
1802 2977 1847 3024 A
1872 2975 2016 3044 lignea
2044 2979 2230 3045 costula,
2256 2999 2359 3051 quae

569 3048 690 3100 fibris
716 3051 845 3098 rectis
871 3046 1245 3113 transversalibus,
1282 3046 1493 3110 utriculis,
1527 3053 1574 3095 &
1602 3048 1785 3099 tracheis
1806 3049 1993 3114 constat,
2020 3051 2176 3122 ligniq3
2203 3054 2357 3105 solidi-

574 3140 715 3173 tatem
727 3122 854 3192 sapit,
869 3123 1109 3175 lateraliter
1121 3139 1355 3192 emergunt
1370 3123 1484 3172 rami
1513 3123 1551 3171 F
1574 3125 1667 3189 jam
1679 3121 1906 3187 delineati,
1937 3128 1982 3175 in
2009 3125 2196 3195 singulas
2212 3127 2356 3180 baccae

578 3216 715 3264 partes
741 3201 943 3269 producti
966 3219 977 3248 ε
1013 3198 1345 3269 Multiplicibus
1392 3216 1549 3267 namq3
1574 3196 1750 3246 surculis
1794 3201 1833 3247 F
1854 3216 1948 3249 tota
1975 3197 2152 3249 fulcitur
2177 3203 2350 3253 moles:

579 3277 708 3324 Circa
728 3294 879 3325 ramos
893 3274 1098 3326 locantur
1113 3274 1361 3324 fistularum
1378 3289 1685 3340 argentearum
1711 3271 1780 3322 seu
1793 3271 2070 3322 sacculorum
2086 3275 2266 3326 ordines
2282 3278 2353 3338 H,

575 3345 738 3410 quibus
767 3348 1023 3400 reticulares
1050 3347 1338 3398 utriculorum
1367 3347 1549 3416 plexus,
1582 3346 1759 3397 obscure
1800 3346 2056 3416 deprehensi
2074 3390 2087 3413 ,
2121 3347 2347 3398 affundun-

574 3417 753 3468 duntur.
818 3428 867 3472 In
880 3424 1088 3493 hocitaq3
1117 3422 1270 3492 ligneo
1297 3425 1547 3493 pericarpio
1573 3422 1718 3491 plures
1745 3422 1898 3472 duetus
1914 3428 1962 3474 &
1978 3421 2090 3474 finus
2102 3426 2138 3486 I,
2160 3418 2347 3471 terebin-

575 3492 695 3543 thina
724 3495 900 3562 turgidi,
928 3501 1192 3551 excitantur,

2231 3627 2342 3692 Jam
