2638 3926
409 203 481 279 36

1286 195 1377 256 De
1402 190 1581 280 Gallis.

635 329 821 388 Parem
867 347 1115 387 exortum
1161 326 1446 385 sortiuntur
1488 326 1677 400 Gallae,
1740 353 1854 411 quae
1890 330 1957 392 ab
1998 330 2375 396 humilioribus

554 412 867 483 Quercubus
892 411 1047 490 (46.)
1077 410 1210 469 circa
1253 409 1486 489 Augusti
1512 411 1715 468 initium
1739 416 2003 476 oriuntur:
2048 414 2378 501 Frequenter

553 500 741 558 etenim
769 515 1031 554 extremus
1047 491 1270 553 surculus
1295 493 1507 554 tenellus
1533 492 1607 568 A,
1651 495 1781 552 inter
1824 496 2068 559 foliorum
2092 502 2283 565 axillas
2302 502 2374 580 Β,

554 583 644 642 ubi
661 581 943 663 plurimum
964 577 1200 639 humoris
1227 576 1446 661 stagnat,
1490 575 1725 662 copiosas
1746 583 1944 663 promit
1970 604 2204 662 gemmas
2228 592 2273 650 C
2293 614 2308 663 3
2341 589 2375 650 ὲ

555 687 777 748 quarum
795 662 900 723 bafi
923 662 1092 723 Gallae
1111 663 1172 720 D
1193 684 1492 740 exeruntur,
1535 669 1589 723 ὃς
1611 663 1640 721 a
1656 662 1960 747 primordiis
1975 685 2255 731 curvatum
2268 674 2369 757 sty-

555 750 664 810 lum
678 747 1000 808 aemulantur.

641 833 1003 895 Exaratarum
1029 832 1304 893 Gallarum
1332 834 1598 908 strueiura,
1641 833 1677 893 fi
1702 833 1905 918 reliquis
1928 836 2108 918 primo
2132 858 2255 899 vere
2266 840 2377 901 sub-

559 923 689 980 ortis
714 936 1066 1002 comparetur,
1109 917 1267 1000 longe
1293 915 1517 992 solidior,
1557 923 1609 978 &
1634 923 1959 1002 compaffior
1978 940 2129 982 extat
2149 922 2302 1009 (47.)
2318 925 2380 987 A

561 1005 708 1064 brevi
733 1002 941 1086 peciolo
967 1005 1147 1086 ligneae
1165 1003 1305 1063 fibrae
1335 1004 1392 1063 A
1416 1001 1505 1062 sub
1532 1001 1755 1084 cylindri
1769 1002 1941 1066 forma
1959 1007 2229 1091 congestae,
2254 1031 2379 1093 pro-

560 1089 845 1164 ducuntur,
886 1112 1002 1171 quae
1017 1092 1335 1149 exteriorem
1359 1085 1531 1147 Gallae
1557 1092 1817 1170 regionem
1841 1088 1923 1165 B,
1963 1091 2214 1153 reticulari
2242 1098 2381 1157 exci-

561 1193 679 1234 tato
704 1197 878 1256 opere,
920 1193 1276 1256 percurrentes
1297 1196 1473 1233 ramos
1495 1175 1540 1232 C
1541 1224 1558 1248 ,
1600 1171 1776 1232 versus
1794 1191 2029 1235 centrum
2049 1198 2380 1262 propagant3

564 1258 595 1317 a
624 1259 813 1343 quibus
833 1258 1090 1319 hincinde
1120 1261 1463 1342 pericarpium
1478 1255 1764 1318 subluteum
1785 1257 1877 1319 sub
1916 1261 2260 1324 utriculorum
2274 1263 2381 1349 spe-

564 1348 638 1405 cie
662 1345 724 1402 D
748 1344 962 1426 pendet:
1006 1344 1111 1402 hoc
1148 1344 1241 1404 ubi
1264 1342 1492 1418 laxatur,
1532 1343 1845 1404 reticularem
1869 1345 2080 1407 exhibet
2102 1367 2382 1411 contextu-

564 1453 709 1488 ram:
758 1429 850 1488 ubi
871 1431 999 1489 verb
1024 1427 1210 1489 versus
1245 1446 1484 1489 centrum
1508 1428 1837 1510 angustatur3
1878 1430 2086 1510 graciles
2125 1431 2286 1495 stirias
2306 1435 2382 1511 E,

565 1513 910 1574 utriculorum
945 1511 1347 1574 transversalium
1385 1511 1655 1575 ordinibus
1691 1510 1986 1596 persimiles,
2019 1520 2232 1598 promit.
2317 1518 2382 1581 In

566 1620 748 1661 centro
774 1597 1168 1682 frequentissime
1203 1599 1362 1660 cubat
1398 1601 1589 1659 vennis
1621 1597 1892 1674 candiduS,
1932 1604 1985 1660 ὃ(
2007 1622 2126 1682 pars
2166 1604 2382 1664 circum-

564 1685 797 1747 ambiens
834 1686 886 1744 F
926 1682 1229 1745 addenlatur
1245 1737 1261 1760 ,
1305 1689 1357 1744 &
1391 1681 1598 1744 subalba
1638 1683 1885 1746 redditur.
1973 1682 2036 1744 ln
2076 1684 2382 1769 quibusdam

566 1771 755 1846 Gallis,
798 1793 915 1854 quae
942 1770 1240 1854 oblongiori
1270 1769 1533 1854 praecipue
1571 1767 1813 1831 constant
1849 1792 2091 1854 corpore,
2134 1770 2380 1856 multipli-

566 1880 648 1917 ces
689 1858 987 1917 conduntur
1009 1879 1241 1930 vermes3
1282 1878 1405 1915 nam
1446 1858 1579 1916 circa
1601 1873 1838 1916 centrum
1856 1854 2006 1939 plura
2031 1856 2188 1939 spatia
2213 1856 2267 1914 G
2283 1857 2380 1918 ob-

566 1942 853 2016 servantur,
895 1964 1013 2024 quae
1044 1942 1074 2000 a
1102 1960 1187 2001 tot
1223 1940 1514 2001 vermiculis
1560 1957 1904 2024 occupantur.
1990 1940 2052 2000 ln
2090 1945 2381 2025 pericarpio

568 2031 760 2111 pariter
783 2025 1118 2110 irregulariter
1147 2026 1447 2085 conduntur
1471 2024 1554 2085 alii
1572 2023 1836 2084 vermiculi
1860 2023 1929 2081 H
1936 2049 1952 2098 ,-
1992 2025 2069 2084 ita
2093 2043 2152 2086 ut
2191 2044 2380 2110 quatu-

569 2112 800 2172 ordecim
826 2110 1005 2194 saepius
1031 2114 1428 2170 numeraverim.
1514 2107 1580 2168 In
1601 2108 1706 2168 aliis
1730 2107 1927 2193 insuper
1955 2127 2128 2171 totum
2161 2114 2380 2195 pericar-

569 2202 713 2281 pium
760 2194 985 2279 copiolis
1023 2195 1312 2253 vermiculis
1332 2194 1365 2251 I
1378 2194 1551 2269 scatet,
1591 2192 1741 2253 nullo
1777 2193 1981 2256 servato
2010 2194 2191 2256 ordine
2223 2196 2382 2270 fitfis3

571 2288 622 2343 ὃ(
638 2282 740 2340 fere
753 2279 962 2363 semper,
1004 2278 1132 2339 dum
1153 2296 1429 2338 contentus
1456 2281 1509 2337 in
1537 2296 1718 2337 centro
1741 2283 1928 2337 vermis
1940 2283 1993 2337 in
2007 2276 2231 2339 muscam
2250 2303 2378 2340 con-

573 2365 762 2441 verfiis,
804 2388 936 2424 mox
960 2382 1232 2444 erupturus
1272 2361 1382 2431 est3
1424 2360 1604 2440 reliqui
1635 2362 1806 2418 adhuc
1841 2359 2037 2434 molleS,
2086 2366 2140 2421 &
2175 2364 2376 2422 minimi

578 2449 756 2527 jacent.
799 2447 1070 2507 Interdum
1096 2442 1306 2503 diversae
1328 2442 1504 2525 speciei
1526 2464 1744 2515 vermeS,
1783 2439 1994 2501 Gallam
2023 2441 2183 2525 ipsam
2210 2444 2376 2507 devo·

574 2551 759 2605 rantes,
808 2531 1058 2591 habitant.
1143 2527 1367 2587 Variam
1428 2550 1641 2610 quoque
1699 2528 2053 2586 maturitatem
2102 2531 2376 2612 acquirunt

576 2635 833 2675 contentae
867 2614 1050 2675 muscae
1075 2638 1089 2685 3
1132 2635 1253 2672 nam
1289 2635 1397 2672 non
1419 2614 1535 2670 raro
1558 2614 1611 2669 in
1638 2609 1823 2671 eodem
1852 2609 2019 2694 spatio
2040 2634 2212 2696 prope
2249 2613 2377 2675 mul:

577 2724 708 2776 cam,
753 2701 897 2761 brevi
920 2697 1218 2771 evasuram,
1262 2694 1446 2769 mollis,
1490 2700 1542 2755 ὃ(
1565 2697 1806 2755 minimus
1832 2696 1989 2757 cubat
2013 2697 2336 2758 vemiicuIUS.

660 2785 930 2867 Insignem,
972 2790 1023 2843 ὃ(
1047 2780 1404 2864 praegrandem
1427 2778 1637 2839 Gallam
1662 2780 1816 2864 (48.)
1837 2805 1947 2842 non
1970 2785 2088 2842 raro
2112 2782 2255 2866 apud
2273 2807 2374 2844 nos

576 2874 838 2944 miramur,
879 2891 992 2950 quae
1015 2864 1300 2926 orbiculata
1335 2868 1561 2925 maxima
1583 2865 1778 2925 dicitur.
1865 2866 1999 2928 Haec
2021 2866 2262 2951 pediculo
2283 2868 2373 2952 lig-

576 2978 676 3013 neo
703 2955 757 3011 A
784 2955 813 3012 a
840 2951 1039 3013 surculo
1063 2973 1341 3033 emergenS,
1381 2953 1433 3009 in
1457 2950 1747 3011 rotundum
1793 2952 2070 3012 extuberat
2092 2975 2284 3036 corpus
2305 2953 2375 3029 B,

578 3039 725 3119 quod
749 3043 799 3097 in
816 3043 955 3121 apice
978 3036 1282 3120 appendices
1306 3039 1350 3096 C
1379 3035 1610 3112 habet,&
1629 3042 1761 3097 circa
1773 3034 2029 3120 superiora
2041 3037 2371 3122 papillaribus

582 3126 864 3181 eminentiis
885 3124 945 3180 D
969 3121 1059 3182 sub
1084 3145 1191 3181 uno
1209 3124 1467 3202 segmento
1491 3140 1719 3182 ornatur.
1761 3120 1820 3181 ln
1846 3120 1947 3181 bafi
1972 3119 2137 3182 Gallae
2154 3124 2369 3203 pericar-

587 3210 726 3286 pium
758 3230 865 3265 non
891 3207 1182 3267 immediate
1203 3211 1469 3289 contangit
1492 3208 1751 3290 peciolum
1773 3230 1789 3278 3
1830 3204 1910 3266 ssd
1925 3204 2219 3267 umbilicalis
2233 3229 2370 3290 quae-

584 3291 703 3347 dam
744 3293 995 3349 excitatur
1033 3296 1327 3352 concavitas
1354 3293 1421 3351 E.
1509 3291 1642 3351 Haec
1678 3289 1800 3351 festa
1830 3314 1920 3374 per
1959 3291 2203 3367 medium,
2246 3313 2369 3374 pro-

584 3377 763 3432 traeias
789 3373 971 3455 ligneas
1006 3373 1157 3433 fibras
1177 3377 1229 3432 F
1253 3376 1478 3453 exhibet,
1529 3378 1558 3435 a
1588 3377 1771 3459 quibus
1796 3379 2135 3459 pericarpium
2160 3375 2370 3457 pendet,

581 3457 727 3539 quod
748 3461 991 3539 temporis
1022 3461 1186 3517 traetu
1208 3464 1258 3517 in
1285 3462 1485 3538 foveas,
1527 3467 1579 3520 ὃ(
1602 3461 1819 3521 sciffuras
1846 3458 2109 3541 inaequales
2130 3457 2366 3533 solvitur3

579 3546 630 3601 in
649 3565 865 3623 quarum
889 3561 1083 3615 centro,
1124 3541 1263 3624 quafi
1277 3567 1441 3605 ovum
1461 3546 1532 3619 G,
1560 3545 1730 3626 gracili
1753 3550 1942 3607 cortice
1959 3545 2262 3621 excitatum,
2285 3568 2366 3605 ca-

582 3626 760 3685 staneae
777 3626 996 3686 frudun]
1012 3624 1563 3701 referens,continetur‚·
1606 3652 1715 3710 quo
1735 3628 1968 3710 disrupto
1985 3633 2167 3690 vermis
2185 3650 2364 3690 occur-

580 3714 655 3769 rit.
2180 3712 2366 3772 Parem
