2638 3926
922 186 1010 245 De
1038 186 1288 244 Sentinum
1319 184 1376 240 V
1370 192 1645 266 egetatione.

331 331 468 388 intus
498 325 670 407 plen0,
717 328 770 382 ὃ(
796 322 1020 383 candido
1051 321 1264 403 assurgit.
1351 319 1519 402 Supra
1538 320 1726 380 radices
1747 322 1813 379 ab
1837 324 2021 385 eodem
2039 349 2129 384 no-

332 412 406 471 do
432 411 560 469 binae
583 427 816 490 gemmae,
868 406 946 467 seu
991 405 1186 467 soboles
1211 430 1264 486 z,
1308 408 1523 487 propriis
1546 403 1812 464 custoditae
1828 404 1977 481 foliis,
2018 428 2132 469 ena-

330 492 567 564 scuntur,
611 496 665 551 ὅ(
692 492 1015 553 intermedius
1041 490 1236 549 culmus
1259 488 1445 549 sursum
1474 488 1696 548 effertur.

410 658 574 721 Milii
595 660 774 722 semina
791 659 902 740 (6.)
919 681 1094 740 parem
1113 663 1489 740 vegetationem
1506 656 1805 734 sortiuntur,
1839 656 2132 719 concredita

329 762 505 804 terrae:
537 745 654 829 post
669 745 805 804 diem
826 746 1031 813 etenim,
1075 741 1303 825 disrupta
1325 746 1529 803 corticis
1555 742 1860 825 cartilaginei
1888 746 2134 825 portione

327 851 496 911 prope
535 829 856 887 insertionem
886 826 1132 908 pediculi,
1172 826 1369 887 inclusae
1395 827 1637 911 plantulae
1675 832 1853 887 conica
1898 827 2048 887 radix
2086 850 2134 885 e-

326 913 532 992 rumpit.
625 908 886 969 Detra&o
910 909 1194 989 hujusmodi
1218 916 1425 987 cortice,
1468 916 1556 995 qui
1591 916 1642 972 in
1666 916 1890 995 geminas
1920 910 2133 971 solvitur

326 1012 528 1078 parteS,
570 1017 758 1070 ovum,
799 993 877 1054 seu
922 994 1162 1056 seminalis
1203 997 1378 1080 planta
1417 995 1796 1072 manifestatur,
1852 994 2131 1080 congloba-

325 1098 437 1138 tum
458 1077 631 1138 scilicet
652 1078 832 1139 folium
855 1079 911 1138 A
931 1080 1159 1140 exterius
1179 1080 1476 1154 subluteum,
1499 1084 1579 1138 cui
1595 1103 1703 1140 non
1721 1080 1875 1163 longe
1899 1081 1965 1140 ab
1989 1079 2133 1140 inser-

327 1166 466 1222 tione
492 1163 726 1245 pediculi,
767 1183 826 1223 ut
853 1167 905 1223 in
937 1168 1127 1240 tritic0,
1170 1163 1397 1246 plantula
1423 1162 1475 1220 Β
1503 1167 1713 1223 neffltur
1740 1163 2006 1223 umbilicali
2039 1189 2133 1225 no-

325 1246 402 1308 do
431 1249 475 1307 C
504 1248 694 1308 medio,
780 1247 914 1308 Haec
947 1248 1116 1308 radice
1153 1249 1215 1307 D
1246 1248 1464 1323 constat,
1507 1268 1621 1330 quae
1648 1246 1934 1329 placentula
1971 1249 2132 1308 ambi-

325 1350 438 1403 tur,
479 1331 620 1392 caule
657 1333 712 1392 E
756 1337 941 1415 pariter
979 1333 1156 1416 pollet,
1198 1336 1287 1414 qui
1318 1351 1536 1392 cutaneo
1572 1330 1718 1405 folio,
1759 1330 1899 1414 quali
1933 1332 2132 1415 vagina,

325 1414 619 1476 custoditur.
715 1417 903 1477 Altera
919 1417 1181 1498 completa
1206 1417 1303 1491 die,
1345 1422 1396 1476 ὃ(
1413 1415 1669 1476 interdum
1692 1436 1807 1475 ante
1830 1416 2134 1499 quadragin—

325 1518 380 1558 ta
397 1499 549 1559 horas
565 1524 580 1571 3
629 1500 786 1560 radix
820 1499 875 1557 F
890 1498 1221 1573 subvitellina,
1263 1500 1477 1559 lacerata
1501 1498 1784 1582 placentula
1812 1501 1884 1575 G,
1929 1500 2053 1559 albis
2076 1525 2133 1561 u-

327 1581 515 1642 triculis
544 1583 800 1666 congesta,
847 1582 1143 1666 elongatur3
1185 1603 1387 1665 gemma
1409 1607 1616 1664 quoque
1642 1583 1708 1640 H
1729 1588 1996 1665 procerior
2019 1585 2129 1645 red³

325 1665 483 1738 ditur,
532 1671 583 1725 &
607 1671 967 1727 continuatum
995 1666 1222 1726 seminale
1243 1666 1426 1725 folium
1442 1665 1475 1722 I
1492 1666 1663 1725 adhuc
1684 1665 1900 1726 solidum
1924 1688 2108 1727 manet.

409 1747 695 1810 Transac‘to
715 1749 914 1824 tridUO,
956 1754 1151 1811 auffior
1171 1749 1240 1810 est
1262 1749 1470 1832 planta:
1512 1750 1664 1810 radix
1687 1773 1908 1833 namque
1935 1750 1996 1810 K
2020 1752 2128 1811 {ub-

323 1832 442 1894 alba
477 1833 646 1917 crispis
685 1833 796 1918 pilis
835 1834 1032 1911 ditata,
1074 1834 1353 1917 oblongior
1385 1834 1483 1907 est,
1527 1835 1633 1894 haec
1672 1839 1862 1895 cor-tice
1903 1836 2133 1895 exterius

322 1917 568 1994 ambitur,
609 1923 746 1979 intus
763 1921 889 1978 vero
911 1916 1072 2001 lignea
1089 1925 1332 2003 portione
1349 1920 1612 1978 firmatur:
1654 1917 1903 1999 reliquum
1930 1923 1980 1976 in
1997 1941 2133 2001 gem—

322 2025 465 2063 mam
501 2003 553 2063 L
575 2003 848 2078 attollitur,
889 2025 1003 2086 quae
1024 2002 1244 2086 vaginali
1258 2002 1534 2063 involucro
1560 2001 1701 2084 quasi
1724 2000 2000 2083 diaphano,
2043 2003 2134 2062 ad-

324 2086 426 2147 huc
448 2093 652 2170 integro
670 2088 927 2160 ambitur,
969 2086 1132 2171 longo
1155 2087 1353 2148 constat
1387 2086 1701 2161 internodiO,
1743 2090 1793 2146 8<
1821 2085 1974 2144 viridi
1997 2109 2133 2168 gem-

325 2171 412 2230 ma
425 2175 626 2253 apicem
648 2190 862 2233 tenente.
917 2170 1163 2232 Seminale
1180 2171 1366 2231 folium
1380 2169 1470 2230 suo
1487 2176 1676 2229 cortice
1690 2174 1962 2243 munitum,
1989 2170 2132 2251 plan-

320 2253 447 2312 -tulae
462 2259 795 2312 continuatur
818 2255 1113 2314 umbilicalis
1135 2255 1266 2312 nodi
1289 2253 1376 2310 M
1389 2276 1509 2333 ope,
1550 2257 1638 2333 qui
1656 2251 1816 2326 molli,
1857 2251 2131 2314 farinacea-

325 2358 428 2418 que
450 2335 649 2395 constat
670 2334 950 2394 substantia.
1043 2335 1202 2393 Circa
1225 2337 1461 2416 quintam
1485 2335 1637 2411 diem,
1677 2334 1897 2396 lacerato
1922 2342 2131 2419 vagina-

326 2418 360 2479 li
388 2417 516 2479 folio
541 2418 609 2476 N
626 2417 797 2478 stabile
836 2416 1020 2477 folium
1048 2419 1093 2476 O
1117 2419 1276 2494 hians,
1318 2418 1498 2493 viride,
1537 2425 1590 2479 &
1623 2419 1732 2503 pilis
1756 2420 1943 2480 hirtum
1973 2427 2132 2483 mani-

327 2501 560 2563 festatur:
604 2506 741 2562 intus
770 2504 898 2563 vero
930 2501 1175 2585 reliquum
1206 2502 1359 2564 caulis
1384 2501 1472 2562 sub
1496 2507 1718 2564 minimae
1744 2527 1956 2587 gemmae
1979 2503 2132 2587 specie

329 2587 363 2645 ὲ
385 2586 533 2646 nodo
570 2586 618 2645 P
660 2609 930 2671 erumpens
965 2586 1223 2647 conditur.
1309 2586 1557 2647 Seminale
1582 2587 1764 2648 folium
1792 2588 2041 2668 Qmolle,
2081 2598 2134 2652 ὃς

324 2669 572 2754 aquosum
612 2669 784 2731 sensim
817 2670 1119 2733 absumitur:
1161 2671 1312 2733 radix
1345 2674 1475 2731 vero
1504 2673 1741 2748 candida,
1782 2672 1946 2755 crispis
1969 2674 2133 2735 obsita

324 2756 456 2838 pilis,
508 2754 790 2837 elongatur.

414 2839 540 2900 Post
566 2840 829 2923 septimam
866 2842 1018 2918 diem,
1059 2840 1209 2902 caulis
1243 2840 1428 2902 sursum
1466 2845 1673 2916 ereQUS,
1712 2841 1918 2903 nodum
1944 2846 2002 2902 R
2027 2863 2129 2902 tur-

326 2924 506 3006 gidum
528 2924 755 3000 exhibet,
797 2927 827 2986 a
852 2950 962 3010 quo
997 2926 1230 3008 vaginale.
1257 2925 1438 2987 folium
1462 2929 1500 2986 S
1523 2930 1747 3009 emergit,
1789 2927 1932 3009 quod
1957 2924 2129 2987 senfim

331 3007 665 3082 contabescit,
705 3010 771 3070 ab
794 3012 978 3072 eodem
1007 3008 1193 3093 pariter
1224 3010 1384 3071 latum
1406 3010 1589 3071 folium
1626 3011 1786 3071 viride
1812 3005 1867 3068 Τ
1884 3032 2001 3069 cum
2026 3010 2129 3071 reli-

331 3114 441 3174 quo
463 3090 605 3151 caule
619 3100 854 3177 erumpit.
937 3094 1187 3155 Seminale
1209 3094 1389 3155 folium
1412 3094 1470 3154 V
1485 3093 1717 3176 crispum,
1761 3094 2129 3176 compressione

327 3194 640 3259 corruptum
675 3179 841 3240 reddit
879 3179 1118 3240 ichorem.
1203 3177 1394 3240 Radix
1435 3180 1612 3239 emiffis
1646 3175 2037 3260 capillamentiS,
2078 3186 2130 3241 &

333 3259 444 3342 pilis
461 3259 561 3320 late
576 3260 814 3323 luxuriat.
899 3263 1078 3345 Prope
1098 3262 1350 3323 decimam
1368 3281 1604 3346 quartam
1618 3260 1771 3335 diem,
1803 3263 1954 3323 caulis
1977 3269 2130 3346 gemi-

334 3349 408 3404 nis
428 3344 533 3404 hiat
561 3343 691 3404 foliis
713 3343 775 3403 X
802 3347 1083 3422 viridibus,
1117 3348 1233 3407 hinc
1268 3348 1388 3407 inde
1418 3344 1526 3428 pilis
1566 3347 1867 3429 conspersis3
1922 3347 2130 3408 inferius

335 3427 367 3486 a
389 3429 535 3488 nodo
573 3429 626 3487 Y
660 3431 887 3512 vaginale
919 3430 1102 3492 folium
1143 3450 1414 3506 exortum,
1461 3430 1699 3492 tabidum
1740 3430 1899 3510 jacet:
1939 3432 2130 3492 radices

332 3514 520 3594 pariter
550 3513 581 3570 ἐι
612 3513 761 3573 nodo
788 3518 851 3588 Y,
892 3523 943 3576 &
964 3520 1268 3576 continuato
1290 3516 1605 3600 quandoque
1626 3515 1938 3590 internodio,
1981 3513 2131 3597 usque

335 3595 402 3655 ad
424 3595 646 3656 seminale
670 3597 854 3663 folium
887 3599 956 3660 Z
988 3619 1281 3684 erumpunt.
1367 3600 1509 3662 Solet
1531 3618 1705 3660 autem
1723 3598 2015 3680 hujusmodi
2049 3622 2128 3659 ar·

1183 3683 1236 3745 E
1900 3682 2132 3744 ticulatio

2212 214 2273 273 13
