2600 3952
302 161 2294 206 -.-----———-———----—-——-—--—

374 219 409 275 8

887 207 1327 266 MARCELLI
1399 193 1871 253 MALPIGHII

311 284 2298 317 *xm

522 336 782 403 pediolum.
820 324 1016 378 evidenti
1055 318 1350 387 productione
1373 331 1528 385 patent
1558 313 1727 377 aestate,
1767 329 2144 384 gemmarumque
2177 332 2305 370 more

521 379 792 466 conduntur',
831 407 878 448 δε
903 390 1114 445 transaesta
1151 406 1201 439 ut
1224 390 1473 459 plurimum
1510 390 1673 458 hyeme
1718 391 1989 457 aperiuntur.
2055 392 2307 459 Anticipata

522 471 960 547 ipsorumprodufflo
979 470 1025 515 in
1050 485 1168 529 moro,
1181 470 1301 532 caepis,
1317 472 1403 515 &cr
1437 463 1747 530 delineabitur3
1779 462 2216 528 curiosorum,variis
2229 464 2307 513 ad-

519 553 620 598 ditis
648 538 1087 611 configurationibus,
1108 537 1484 606 compositionem
1516 534 1755 584 describere
1779 535 1963 584 tentabo
1990 553 2001 583 τ
2050 537 2234 584 Etenim
2261 540 2306 586 in

520 620 782 690 quibusdam
805 615 1145 686 simplicioribus
1172 613 1324 681 primo
1354 609 1510 659 surculi
1545 606 1793 673 substantia,
1815 609 1891 659 ubi
1924 611 2075 660 semen
2087 611 2309 687 conditur,

519 703 562 744 in
577 695 710 745 ovale
735 714 891 763 corpus
918 692 1183 752 extenditur,
1217 693 1336 755 cujus
1351 706 1502 736 tamen
1525 706 1647 750 carc,
1671 686 1741 736 seu
1754 693 2070 758 pericarpfflm,
2085 694 2130 740 in
2160 695 2309 761 prima

516 770 809 838 produfflone
823 786 914 815 non
930 778 1065 832 patet,
1098 763 1170 810 sed
1182 761 1338 810 sensim
1366 777 1548 828 augetur
1568 772 1594 808 :'
1615 760 1690 809 Ab
1702 761 1828 828 hujus
1850 779 2051 813 extremo
2066 783 2317 834 erumpunt,

517 844 768 892 {laciniato
794 843 958 890 cortice
992 836 1156 902 calycis
1183 830 1322 899 folia3
1358 832 1415 881 ab
1442 832 1604 881 eodem
1616 836 1780 902 pariter
1794 835 2024 905 segmento
2049 838 2171 888 floris
2197 837 2309 890 folia

518 932 750 984 emergunt
766 954 778 976 ,
802 929 900 981 quae
925 910 1133 970 utriculis,
1161 905 1233 955 seu
1250 905 1447 974 globulis
1476 906 1632 954 ordine
1662 906 1812 975 positis
1832 908 2047 960 fibrarum
2059 912 2309 981 ligneamm

521 997 568 1038 &
583 986 812 1056 spiralium
837 984 1131 1055 prodiifflone
1158 980 1371 1029 constant.
1414 981 1548 1028 Circa
1562 980 1674 1028 folia
1699 981 1863 1032 haerent
1884 1004 2005 1034 caecae
2030 987 2307 1055 appendice5‚

519 1058 654 1131 fungi,
680 1063 779 1131 pili,
813 1060 1049 1121 &fimilia,
1076 1055 1352 1127 glutinosum
1367 1055 1607 1104 humorem
1643 1052 1887 1108 fundentia.
1954 1062 2160 1111 Eundem
2183 1081 2310 1113 exor-r

517 1156 612 1188 tum
625 1136 811 1185 stamina
828 1135 1081 1195 sortiuntur,
1105 1148 1206 1200 quae
1217 1128 1466 1199 frequenter
1479 1129 1675 1199 capitulo
1688 1127 1759 1178 seu
1776 1135 1916 1200 apice,
1929 1130 2196 1186 farinaceam
2209 1134 2309 1186 sub-

519 1211 725 1259 stantiam
741 1214 1017 1270 continente,
1038 1205 1224 1275 pollent.
1276 1208 1326 1253 In
1353 1203 1450 1253 aliis
1466 1200 1678 1252 foliorum
1708 1209 1757 1253 δι
1772 1202 2015 1255 staminum
2042 1226 2218 1258 exortus
2243 1214 2310 1259 in-

521 1282 584 1332 fra
598 1282 727 1332 ovale
757 1301 931 1351 corpus,
948 1281 1098 1330 semen
1112 1278 1324 1342 condens,
1348 1274 1617 1342 observatur,
1645 1282 1706 1326 ita
1730 1293 1780 1325 ut
1797 1277 1879 1327 flos
1895 1277 2072 1330 seminis
2084 1282 2311 1351 capsulam

518 1372 654 1423 tegat,
681 1372 729 1403 ut
747 1360 794 1406 in
821 1362 900 1406 vite
916 1362 962 1405 ὃς
976 1353 1091 1403 simil
1111 1373 1121 1400 :
1146 1351 1315 1401 Senfim
1329 1349 1643 1400 contabescunt
1656 1349 1781 1415 folia,
1796 1358 1845 1401 &
1861 1351 2068 1418 stamina,
2083 1361 2131 1404 δι
2145 1356 2309 1424 postre-

515 1430 598 1477 mo
628 1429 852 1479 decidunt.
922 1427 1246 1479 Confimilium
1283 1426 1449 1474 florum
1486 1426 1749 1475 structuram
1784 1445 2011 1496 exponam
2032 1469 2047 1491 ,
2086 1429 2314 1485 delineatis

516 1504 734 1572 praecipue
750 1506 970 1569 heliotropii,
996 1503 1143 1563 cardui,
1168 1500 1384 1562 cucurbitae,
1399 1505 1447 1548 &
1463 1498 1740 1568 sylvestrium
1764 1500 2020 1570 plantarum
2045 1501 2313 1571 quibusdam

518 1575 711 1626 floribus.

586 1650 845 1718 Subjecmm
877 1649 949 1699 seu
962 1666 1229 1699 contentum
1235 1649 1362 1719 fimen
1382 1647 1561 1697 diversis
1587 1646 1770 1718 capsulis
1783 1647 1855 1698 seu
1868 1648 2105 1700 involucris
2121 1648 2313 1719 fovetur,

521 1741 620 1791 quae
634 1731 731 1774 uteri
759 1744 919 1775 munus
935 1725 1128 1792 explent.
1200 1727 1249 1771 In
1277 1721 1475 1791 pluribus
1501 1726 1547 1770 in
1572 1718 1764 1772 frustum
1789 1722 1878 1771 esui
1907 1740 2067 1792 aptum
2092 1725 2314 1796 excrescit,

517 1816 568 1845 cu
570 1802 637 1863 jus
650 1815 794 1866 partes
806 1798 1015 1862 exarabO,
1031 1797 1239 1865 &primo
1253 1798 1487 1864 pericarpii
1501 1794 1778 1859 structuram,
1790 1796 1977 1845 exordio
1988 1794 2167 1866 sumpto
2180 1802 2316 1867 afic'u,

520 1875 598 1936 qui
625 1874 812 1921 exterius
835 1874 1000 1920 cortice
1029 1875 1167 1918 teritus
1181 1867 1429 1916 reticulares
1457 1866 1670 1916 fibrarum
1683 1868 1837 1938 plexus
1849 1870 1939 1917 una
1962 1887 2068 1917 cum
2094 1876 2316 1921 contentis

518 1944 701 1993 tracheis
716 1948 914 1994 continet
928 1976 940 2012 3
974 1945 999 1993 ὲ
1016 1942 1177 2013 quibus
1207 1941 1411 2011 oblongae
1431 1940 1578 2005 stiriae,
1606 1943 1766 2012 quibus
1776 1946 2009 2013 pericarpii
2023 1943 2170 1994 moles
2197 1951 2319 1996 exci,

517 2032 651 2081 tatur,
664 2021 812 2068 versus
838 2034 1043 2068 centrum
1073 2016 1367 2080 deducuntur,
1377 2033 1478 2084 quae
1503 2015 1606 2065 hinc
1630 2016 1734 2065 inde
1757 2018 1953 2068 utriculis
1977 2018 2104 2067 succo
2129 2021 2315 2089 turgidis

518 2089 682 2159 stipatae
701 2092 885 2141 tandem
899 2092 1094 2161 eleganti
1111 2095 1394 2140 extremitate
1409 2088 1561 2138 semen
1587 2091 1704 2140 offeo
1716 2095 1880 2142 cortice
1893 2091 2224 2143 circumdatum
2238 2113 2316 2144 cu-

518 2162 723 2213 stodiunt.
793 2166 1028 2231 Cerqfhrum,
1042 2168 1276 2231 uvarquue
1302 2182 1409 2214 caro
1422 2163 1673 2214 reticulares
1686 2169 1849 2234 pariter
1863 2163 2046 2216 fibrosos
2070 2166 2226 2235 plexus
2241 2209 2255 2233 ‚
2287 2170 2315 2218 5,

516 2237 675 2304 quibus
690 2237 887 2306 pendent
915 2238 1108 2300 utriculi,
1123 2237 1321 2305 poffidet.
1390 2237 1584 2297 ‘Pyrorum
1603 2244 1651 2287 &
1665 2241 1902 2301 cydoniorum
1927 2242 2111 2290 malorum
2125 2246 2317 2310 pericar-

519 2314 649 2378 pium
675 2309 837 2359 fibroso
864 2305 945 2358 r'eti
962 2326 1302 2378 coagmentatur
1318 2349 1331 2371 ,
1356 2308 1480 2375 quod
1505 2316 1703 2358 tartareis
1729 2310 1996 2377 quibusdam
2021 2313 2229 2379 globulis,
2242 2316 2315 2366 stu

519 2383 666 2447 nodis,
696 2381 896 2432 firmatur
913 2425 925 2446 ,
949 2403 1057 2432 areae
1079 2383 1190 2432 vero
1204 2379 1497 2451 pendentibus
1517 2382 1712 2430 utriculis
1738 2381 1941 2450 perbelle
1968 2384 2208 2452 replentur.
2261 2391 2314 2438 In

512 2475 767 2527 granatorum
783 2455 922 2508 fructu
936 2462 1052 2508 circa
1066 2456 1235 2520 semen,
1255 2457 1484 2505 radiorum
1499 2455 1648 2520 instar,
1656 2457 1839 2526 graciles
1847 2457 2023 2507 utriculi
2035 2457 2162 2508 succo
2176 2465 2314 2531 turgia-

520 2532 568 2579 di
582 2531 801 2581 situantur.
871 2532 1058 2602 Elegans
1072 2531 1134 2580 est
1149 2535 1237 2582 mali
1255 2534 1420 2580 aurantii
1439 2535 1487 2579 &
1502 2532 1643 2580 limonii
1655 2534 1967 2600 pericarpium‚
1986 2537 2107 2600 cujus
2121 2539 2314 2586 exterior

520 2622 629 2653 caro·
650 2609 947 2656 concavitates
970 2605 1194 2668 efformat,
1214 2623 1310 2672 quae
1342 2602 1551 2667 utriculis,
1578 2603 1702 2653 velut
1731 2603 1992 2654 intestinulis
2007 2609 2129 2656 caecis
2145 2649 2159 2671 ,
2183 2610 2314 2660 acido

526 2677 651 2727 succo
669 2676 852 2741 refertis,
869 2678 1077 2747 repletur,
1101 2676 1258 2747 quibus
1272 2691 1481 2724 contenta
1496 2674 1665 2726 semina
1688 2676 1915 2745 stipantur.
1982 2682 2062 2728 His
2076 2679 2224 2731 lucem
2249 2680 2314 2733 fe-

524 2768 587 2799 ret
602 2757 811 2801 omnium
827 2752 1146 2820 elegantissima
1160 2749 1427 2818 evidensque
1439 2750 1637 2799 cucurbitae
1658 2769 1777 2815 carn,
1804 2769 1902 2820 quae
1917 2751 2131 2803 fibrarum
2145 2755 2313 2825 lignea-

523 2844 625 2873 rum
639 2821 865 2888 fasciculis,
891 2826 1083 2874 tracheas
1097 2825 1442 2886 continentibus,
1479 2823 1664 2887 constat,
1691 2826 1715 2873 a
1729 2825 1888 2894 quibus
1904 2827 2099 2895 pendent
2111 2830 2311 2902 utriculi3

526 2898 595 2946 illi
608 2900 718 2947 vero
731 2900 756 2947 a
771 2897 954 2966 pediolo
973 2895 1133 2946 studius
1157 2905 1432 2959 emananteS‚
1458 2915 1570 2945 mox
1583 2900 1762 2947 interius
1775 2900 2003 2949 circulares
2022 2901 2204 2965 redditi,
2234 2920 2309 2951 ex-

527 2987 675 3019 tremo
700 2971 883 3020 tandem
896 2971 1002 3034 fine,
1019 2974 1043 3020 a
1058 2990 1153 3040 quo
1164 2970 1311 3020 lemen
1326 2972 1506 3040 pendet,
1520 2975 1565 3021 in
1582 2971 1783 3021 mediam
1794 2974 1918 3023 hiant
1932 2975 2311 3038 cavitatem,velut

531 3048 577 3092 in
588 3045 737 3108 corde,
751 3049 918 3094 carneis
933 3046 1102 3094 lacertis
1130 3053 1178 3095 ὃς
1200 3045 1319 3095 fibris
1331 3046 1537 3095 valvulas
1559 3044 1856 3112 firmantibus,
1869 3049 2053 3116 accidit3
2087 3056 2135 3098 &
2150 3051 2208 3098 ita
2219 3065 2311 3098 tota

531 3121 761 3187 pericarpii
774 3120 915 3168 moles
929 3124 1155 3184 excitatur,
1184 3126 1291 3170 &in
1306 3121 1384 3170 hos
1411 3118 1610 3170 solvitur.
1680 3125 1728 3168 In
1744 3121 1922 3191 fragaria
1938 3122 2155 3192 oppositus
2169 3121 2308 3172 serva-

532 3207 598 3237 tur
614 3191 729 3256 litus,
746 3198 1044 3262 pericarpium
1059 3200 1184 3243 enim
1200 3199 1408 3245 interiora
1420 3213 1561 3259 tenet,
1584 3202 1632 3246 &
1647 3195 1813 3246 semina
1826 3203 2012 3248 exterius
2023 3197 2213 3245 exhibet.
2260 3201 2309 3247 In

532 3281 638 3324 nuce,
653 3268 871 3333 amygdalis,
898 3273 945 3314 &
960 3267 1190 3331 similibus,
1215 3274 1445 3337 pericarpii
1473 3289 1634 3339 parum
1649 3270 1868 3335 excrescit,
1889 3271 2010 3340 quod
2031 3270 2219 3321 adamito
2247 3270 2308 3320 se-

532 3341 655 3385 mine
670 3338 949 3403 contabescit,
970 3341 1126 3391 relicto
1139 3343 1257 3392 osseo
1271 3349 1521 3412 putamine,
1534 3344 1656 3414 quod
1672 3349 1717 3392 in
1733 3348 1934 3414 amygdalis
1949 3343 2123 3413 elegans
2137 3346 2212 3394 est.
2260 3350 2308 3394 In

533 3414 730 3473 avellanth,
745 3415 901 3482 cupreff
893 3436 932 3478 u,
949 3423 1094 3482 &pino
1110 3417 1279 3487 ligneus
1297 3419 1345 3468 fit
1358 3436 1525 3484 cortex,
1550 3420 1752 3489 vicesque
1776 3420 2001 3488 pericarpii
2015 3417 2197 3486 supplet.
2259 3423 2309 3467 In

525 3484 731 3552 glandibus
746 3491 792 3532 &
807 3489 986 3552 castaneis
1003 3492 1350 3541 membraneum
1371 3495 1620 3545 extenditur
1638 3494 1917 3543 involucrum
1934 3523 1946 3558 5
1981 3493 2049 3541 illae
2066 3492 2216 3559 ligneo
2236 3510 2310 3540 ca-

536 3558 633 3627 lyce
646 3557 864 3608 donantur
886 3592 897 3626 3
932 3564 1009 3627 istbs
1024 3567 1133 3615 vero
1151 3565 1376 3633 spinosum
1406 3568 1578 3617 additur
1607 3569 1881 3617 involucrum
1907 3565 2048 3613 echini
2067 3564 2197 3614 instar
2213 3607 2226 3628 ,
2260 3572 2309 3614 &

2198 3658 2311 3688 inte-
