2600 3952
306 229 382 283 40

843 197 1280 258 MARCELLI
1350 185 1819 245 MALPIGHII

1074 478 1179 542 De
1223 472 1672 544 Froftrssus.

605 662 767 708 Lantas
787 657 956 726 singulo
978 672 1164 724 quoquo
1191 673 1310 703 anno
1349 670 1601 722 vegetantes
1625 659 1722 721 jam
1758 657 2049 726 contemplati
2078 654 2255 707 sumus:

633 736 808 782 Tantus
832 733 943 780 vero
963 732 1159 797 partium
1177 745 1406 795 apparatus
1422 726 1555 774 solius
1575 726 1839 792 foecunditatis·
1866 734 2003 799 gratia
2021 752 2258 802 compara-

479 821 544 852 tus
571 807 758 866 videtur,
791 820 838 850 ut
854 802 1054 864 tandem,
1091 803 1312 848 renovatis
1342 797 1622 847 seminalibus
1647 805 1836 869 organiS,
1862 823 2004 855 novus
2021 813 2260 877 progigna-

480 894 547 925 tur
575 874 696 924 foetus
718 895 728 922 :
767 878 877 923 Haec
904 876 1034 941 igitur
1052 877 1098 921 in
1114 874 1226 920 Flore
1243 875 1419 921 Natura
1444 870 1671 936 conclufit,
1698 879 1776 942 qui
1801 874 1923 943 pleni
1934 886 2047 929 veris
2063 888 2111 931 &
2133 901 2261 931 rena-

479 948 627 996 scentis
654 950 759 997 anni
774 947 1009 1008 indicium,
1030 945 1333 1012 arborumque
1363 944 1579 1013 gaudium
1595 948 1758 996 merito
1787 951 2030 1018 appellatus
2044 954 2139 1003 est:
2174 959 2261 1006 Hic

477 1022 601 1068 idem
624 1021 882 1072 luxuriantis
909 1037 1068 1088 magne
1097 1022 1250 1068 matris
1276 1015 1566 1082 foecunditati,
1601 1020 1795 1069 odorum
1810 1024 2068 1095 colorumq3
2098 1031 2261 1098 gratias

479 1092 672 1143 ludentis
697 1097 881 1148 Veneris
907 1093 1145 1142 affociavit.
1214 1095 1423 1160 Erumpit
1450 1091 1506 1141 ab
1532 1091 1763 1142 arboribus
1785 1100 2130 1165 quamplurimis
2149 1102 2266 1166 Junii

480 1168 645 1233 mense,
678 1170 728 1219 ea
752 1167 841 1219 scil.
867 1167 1146 1238 tempestate,
1178 1165 1267 1234 qua
1295 1183 1489 1234 gemme,
1513 1183 1596 1234 qut²
1623 1165 1771 1216 futuro
1785 1186 1888 1217 vere
1901 1178 2061 1238 aperiri
2085 1175 2269 1241 debent,

481 1260 728 1311 emergunt.
798 1247 983 1312 Propria
1004 1241 1216 1291 foliorum
1229 1255 1417 1303 textura,
1450 1239 1595 1307 qualis
1608 1243 1655 1289 in
1669 1244 1863 1309 gemmis
1889 1243 2165 1312 observatur,
2188 1250 2267 1300 de·

484 1312 571 1362 bite
590 1315 830 1364 custoditur
851 1336 860 1364 ε
894 1320 957 1367 Ita
976 1332 1099 1384 patet
1112 1318 1159 1363 in
1181 1315 1323 1378 ceraso,
1344 1329 1450 1379 pyro,
1475 1320 1522 1363 &
1539 1317 1674 1363 lauro:
1713 1318 1763 1362 In
1778 1314 1874 1363 aliis
1898 1332 2068 1383 autem,
2095 1327 2143 1370 δι
2157 1340 2267 1390 prae-

481 1389 609 1454 cipue
628 1393 671 1437 in
700 1391 810 1457 rofis,
841 1397 936 1452 vite,
967 1397 1013 1438 δι
1029 1390 1225 1457 sambuco,
1250 1389 1275 1435 a
1303 1386 1471 1436 tenello
1499 1383 1686 1451 surculo,
1710 1393 1788 1456 qui
1814 1406 1925 1438 mox
1956 1393 2136 1442 ineunte
2159 1413 2268 1445 vere

481 1468 753 1531 prorumpit,
783 1461 870 1512 sese
882 1465 1030 1511 exerit.
1096 1464 1225 1511 Flores
1254 1464 1402 1528 igitur,
1431 1463 1511 1529 qui
1536 1462 1715 1529 propria
1736 1464 1919 1530 gemma
1949 1464 2273 1532 custodiuntur,

483 1532 662 1584 seorsim
678 1536 734 1586 ab
747 1540 966 1587 annotino
980 1553 1111 1585 ramo
1125 1535 1372 1603 prodeunt,-
1404 1534 1566 1584 horum
1583 1553 1767 1603 gemma
1781 1539 1828 1584 in
1840 1540 1937 1587 malo
1951 1544 2164 1590 armeniaca
2183 1561 2198 1591 ι
2215 1561 2263 1611 ¹3

484 1601 659 1677 elegans
675 1611 737 1659 est
755 1644 766 1679 5
794 1630 903 1660 nam
917 1614 941 1659 ὲ
958 1609 1127 1658 tenello
1145 1607 1321 1658 surculo
1337 1614 1389 1669 A,
1425 1605 1553 1676 supra
1575 1608 1741 1676 delapfi
1763 1606 1861 1658 folii
1883 1613 2135 1662 cicatricem
2149 1616 2192 1663 Β
2205 1612 2270 1664 as-

486 1683 636 1750 surgit,
652 1682 866 1734 foliorum
881 1685 911 1733 C
923 1682 1195 1750 squamatim
1207 1682 1450 1749 positorum
1460 1700 1683 1749 compage
1694 1701 2010 1751 coagmentata
2023 1717 2036 1753 3
2054 1688 2103 1735 in
2117 1692 2274 1756 aprico

488 1752 661 1805 laxatur
673 1758 949 1826 turgentibus
979 1756 1099 1804 floris
1114 1753 1281 1802 foliolis
1298 1758 1360 1816 D,
1379 1758 1425 1801 in
1440 1752 1599 1801 orbem
1623 1754 1953 1803 circumductis,
2021 1762 2071 1805 In
2084 1759 2168 1808 hac
2193 1779 2271 1829 per

486 1827 676 1896 longum
698 1831 825 1893 secta,
856 1827 1090 1891 foliorum,
1119 1827 1284 1895 quibus
1301 1844 1487 1895 gemma
1501 1828 1732 1888 excitatur,
1751 1844 1928 1877 exortus
1958 1833 1999 1879 E
2010 1846 2179 1897 patent,
2203 1847 2272 1883 re-

485 1901 657 1971 liquaq3
684 1905 844 1970 quibus
884 1904 966 1952 flos
1006 1906 1258 1969 integratur.
1327 1900 1454 1948 Idem
1493 1898 1654 1947 accidit
1678 1905 1832 1967 prunis,
1859 1908 1908 1952 &
1934 1904 2138 1972 amygdalis
2168 1924 2274 1972 114,

487 1991 683 2040 quarum
709 1976 982 2043 multiplices
1011 1972 1230 2023 foliorum
1255 1973 1432 2021 ordines
1469 1975 1506 2022 A
1520 1988 1783 2022 contentum
1805 1973 1884 2022 diu
1908 1974 2072 2026 florem
2098 1975 2276 2040 fovent,

485 2051 562 2113 qui
595 2051 776 2096 ineunte
804 2068 909 2097 vere
934 2053 1087 2115 primo
1111 2048 1316 2112 pullulat,
1345 2063 1604 2112 emergente
1631 2045 1783 2111 calyce
1809 2049 1868 2110 OE,
1899 2055 1948 2098 ὃς
1966 2047 2084 2099 foliis
2111 2055 2153 2100 C,
2221 2057 2274 2104 ln

479 2120 604 2186 ceraſs)
632 2120 898 2188 multiplices
931 2121 1062 2169 flores
1094 2120 1179 2168 una
1211 2134 1504 2186 conteguntur
1529 2119 1729 2185 gemma,
1754 2123 1877 2187 cujus
1891 2117 2049 2172 foliola
2074 2124 2276 2195 reliquo-

484 2210 586 2240 rum
615 2212 743 2242 more
757 2194 1003 2244 succeffivas
1029 2191 1261 2242 sortiuntur
1292 2195 1578 2240 mutationes.
1647 2196 1695 2240 In
1711 2192 1952 2258 herbaceis,
1977 2201 2085 2246 utin
2095 2202 2277 2265 violaria,

486 2268 616 2317 flores
645 2274 830 2337 proprio
861 2269 1068 2337 pediculo
1109 2268 1166 2317 ab
1201 2269 1546 2336 implantatione
1582 2265 1877 2337 cujuscunque
1909 2266 2003 2320 folii
2018 2290 2275 2343 erumpunt.

487 2347 539 2390 In
565 2349 669 2409 caepis
692 2347 715 2392 a
731 2361 882 2394 centro
911 2343 1036 2391 bulbi
1064 2342 1199 2389 caulis
1227 2341 1418 2407 assurgit,
1443 2345 1564 2406 cujus
1582 2344 1756 2407 apicem
1783 2341 1863 2389 flos
1876 2361 2018 2393 ornat.

554 2416 701 2465 Flores
716 2416 916 2484 pluribus
930 2413 1122 2484 partibus
1142 2431 1493 2480 componuntur,
1506 2430 1699 2480 quarum
1713 2412 1891 2461 diverfis
1905 2414 2060 2464 formis
2079 2423 2127 2466 &
2146 2418 2274 2468 luxu-

481 2490 694 2537 riantibus
709 2489 934 2539 coloribus
949 2491 1063 2537 mira
1078 2486 1269 2536 succedit
1281 2490 1485 2548 varietas,
1496 2485 1660 2534 horum
1677 2501 1830 2533 tamen
1843 2492 2047 2537 exactam
2061 2495 2108 2538 &
2121 2508 2272 2542 exten.

479 2561 576 2610 sam
590 2562 940 2612 delineationem
959 2564 1180 2611 Botanicis
1202 2560 1428 2629 reliquisq3
1448 2561 1681 2609 hortorum
1696 2558 1942 2609 cultoribus
1969 2565 2269 2633 peragendam

482 2634 703 2705 relinquo,
725 2637 884 2705 mihiq,
912 2654 1084 2686 tantum
1102 2634 1281 2683 seorfim
1296 2634 1519 2683 rimandas
1534 2631 1719 2700 suscipio
1733 2649 1894 2700 partes,
1919 2637 1969 2687 ea
1994 2636 2082 2686 scil.
2094 2637 2272 2688 metho—

481 2708 559 2771 do,
588 2716 855 2773 &numero,
883 2714 963 2777 qui
988 2711 1245 2758 anatomico
1273 2711 1458 2777 negotio
1493 2713 1539 2756 &
1569 2724 1666 2762 mee:
1692 2710 1890 2757 tenuitati
1911 2709 2131 2760 conducit.
2200 2716 2271 2760 Ins

482 2799 548 2831 ter
564 2783 749 2851 reliquas
774 2802 937 2852 parteS,
961 2783 1120 2851 quibus
1134 2784 1211 2849 flos
1237 2786 1467 2844 excitatur,
1490 2783 1642 2849 primo
1668 2784 1779 2842 calyx
1804 2787 2023 2834 occurrit:
2062 2789 2272 2854 Hicitaq5

486 2855 606 2903 floris
625 2856 731 2904 basis
758 2857 832 2919 est,
865 2865 911 2906 81.
939 2853 1271 2918 fulcimentum,
1298 2854 1414 2923 sufiq,
1442 2856 1728 2922 corporatura
1755 2850 1970 2904 foliorum
1982 2856 2271 2928 staminumq3

483 2949 689 2979 exortum
715 2929 836 2980 fovet
857 2962 870 2993 ,-
905 2933 1016 2998 quin
1046 2928 1301 2996 &ipsorum
1317 2927 1590 2995 progressum
1615 2928 1836 2996 plerumq,-
1857 2933 2082 2998 cooperit:
2115 2937 2272 2998 Qare

484 3005 725 3073 multiplici
750 3002 894 3054 formai
912 3006 1116 3067 donatur,
1143 3010 1189 3051 &
1222 3002 1543 3072 magnitudine.
1611 3004 1676 3051 Ut
1695 3021 1846 3052 autem
1873 3002 2078 3072 aliqualis
2102 3008 2270 3067 Nature

488 3079 725 3126 methodus
742 3079 967 3140 habeatur,
1001 3077 1333 3145 principaliores
1359 3075 1552 3124 exarabo
1587 3071 1769 3140 formas,
1803 3076 2096 3126 recollestasa
2127 3077 2270 3146 fingu-

489 3150 539 3197 lis
555 3155 859 3219 vegetantium
886 3150 1123 3199 ordinibus.
1193 3149 1444 3218 Simplicior
1474 3151 1604 3210 calycis
1629 3149 1790 3216 species
1813 3154 1997 3199 occurrit
2022 3154 2068 3197 in
2097 3153 2192 3214 olea,
2221 3158 2269 3200 ci.

494 3239 567 3286 tro,
598 3229 693 3274 malo
727 3228 878 3274 limonia
899 3266 910 3287 ,
937 3232 984 3272 &
1004 3228 1181 3271 aurantia
1205 3244 1309 3288 115,
1344 3221 1766 3290 reliquisq3oleofis:
1805 3222 1876 3270 Ab
1901 3222 2270 3290 elongato-limonii

493 3299 661 3346 surculo
681 3306 733 3361 A,
768 3297 957 3365 fitquafi
981 3296 1152 3344 radiosa
1178 3315 1343 3344 corona
1372 3298 1430 3358 ΞΒ,
1456 3295 1575 3344 floris
1602 3313 1810 3344 exortum
1826 3294 2038 3358 ambiens,
2071 3294 2190 3344 fibris
2218 3303 2266 3343 δε

496 3371 688 3417 utriculis
715 3371 931 3435 constans,
964 3387 1063 3439 que,
1088 3370 1268 3438 delapso
1289 3372 1428 3417 etiam
1459 3368 1582 3431 flore,
1617 3367 1949 3419 fruCtuihaerens
1963 3369 2179 3436 perdurat.
2218 3371 2266 3416 In

496 3441 698 3510 hyoscyamo
722 3463 734 3491 ι
754 3465 766 3491 ι
781 3450 824 3506 6,
840 3446 967 3513 calyx
982 3441 1204 3494 tubulosus
1218 3451 1255 3495 A
1266 3441 1399 3492 crassa
1418 3442 1588 3491 constat
1605 3442 1854 3505 substantia,
1890 3445 1997 3490 &in
2009 3439 2267 3490 summitate

495 3517 665 3567 levibus
679 3517 870 3567 incisuris
883 3524 925 3566 in
941 3522 1096 3584 quinq,
1114 3517 1292 3568 solvitur
1307 3515 1462 3565 foliola
1479 3514 1619 3580 73,qu‹g
1630 3514 1813 3583 copiosis
1826 3513 1923 3581 pilis
1939 3519 1982 3560 &
2003 3507 2143 3578 fungis
2158 3514 2189 3560 C
2201 3528 2263 3561 te-

2088 3596 2262 3646 guntur.
