2600 3952
778 193 1110 263 QAnatomes
1136 189 1472 255 ‘Plancarum
1495 189 1694 263 Idem,
2200 219 2259 281 15

336 317 482 384 qualis
496 318 521 366 a
533 316 766 386 glanduliS,
776 312 908 381 chylo
921 319 968 361 &
981 311 1177 380 sanguini
1195 313 1513 380 pertranseunti
1531 313 1770 363 affimditur
1789 332 1800 361 :
1835 313 2031 367 Ulterior
2045 333 2110 368 ta-

337 408 446 439 men
459 391 694 440 meditatio
706 402 933 438 exaratam
945 382 1137 452 superius
1151 387 1276 434 viam
1292 387 1636 453 probabiliorem
1662 389 1889 439 indicavit.

401 462 531 515 Hisce
546 464 771 512 delineatis
786 501 800 524 ‚
824 457 1077 529 probabiles
1111 462 1210 507 aeris
1225 457 1321 507 usus
1350 463 1396 507 in
1422 462 1583 527 plantis
1608 464 1803 530 eliciam,
1828 464 2109 516 consideratis

333 538 598 588 infestorum
611 534 808 597 tracheis,
822 550 974 582 aerem
983 532 1038 581 ad
1052 549 1368 601 quamcunque
1383 537 1582 600 corporis
1594 553 1762 603 partem
1788 536 2080 589 deferentibus
2095 573 2109 609 5

334 613 458 661 Cum
472 626 624 658 tamen
637 606 765 657 valde
789 605 1021 675 probabile
1040 605 1102 668 sit,
1128 606 1242 655 ultra
1265 611 1367 655 vitae
1395 611 1863 674 communicationem,
1888 614 2109 665 beneficio

331 687 439 734 aeris
451 684 624 752 plantas
644 678 812 731 sursum
838 684 947 751 erigi
966 684 1012 729 in
1024 684 1365 749 germinatione,
1390 680 1498 730 tales
1513 680 1760 732 conservari
1775 686 1823 731 in
1849 703 2107 757 augmento,

331 763 379 806 δι
392 759 494 807 vitae
505 757 715 826 proceffu,
730 755 958 806 succorum
978 758 1143 824 pariter
1166 752 1388 805 ascensum
1403 761 1449 804 &
1465 751 1861 807 fermentationem
1887 758 2101 823 facilitati,

329 837 378 881 &
388 831 474 880 alia
482 831 740 881 consimilia.

391 908 498 954 Haec
511 908 660 974 igitur,
674 922 772 973 quae
785 909 935 967 Mem,
953 920 1069 972 aegto
1078 921 1281 972 corpore,
1294 906 1341 954 in
1353 900 1415 952 sui
1433 901 1641 954 solatium
1654 905 1911 969 meditatur,
1937 906 2105 956 tumul-

327 979 466 1028 tuarie
476 979 613 1032 Vobis
625 978 829 1043 exhibeo,
853 995 953 1046 quae
969 976 1000 1026 fi
1013 996 1107 1026 non
1129 977 1425 1046 undequaque
1452 978 1643 1043 inutilia,
1668 986 1716 1029 &
1730 980 1754 1028 a
1773 984 1891 1028 rec‘ta
1905 980 2104 1030 Philoso-

323 1052 492 1121 phandi
505 1052 659 1102 semita
673 1072 766 1103 non
789 1052 985 1101 multum
1011 1051 1142 1103 devia
1157 1092 1171 1115 ,
1202 1051 1344 1102 vestra
1368 1052 1596 1121 prudentia
1620 1053 1766 1120 judice
1789 1051 2074 1105 censebuntur
2088 1097 2100 1120 ,

324 1129 516 1195 repetitis
526 1131 687 1177 iterum
703 1145 836 1196 atque
845 1129 1010 1177 iterum
1022 1125 1420 1192 observationibus,
1444 1125 1572 1180 fufius
1595 1145 1836 1196 exponam,
1847 1127 2098 1198 vestrisque,

323 1202 425 1252 licet
439 1205 604 1271 impar,
629 1202 850 1253 mentibus
865 1200 1175 1251 munustulum
1193 1201 1376 1270 parabo.

387 1385 969 1437 :DabamBonormae

454 1493 624 1543 Calendis
634 1493 833 1556 Novemb.
843 1512 856 1542 1
870 1493 929 1552 67
939 1510 953 1540 1
963 1526 977 1540 .
