2600 3952
785 190 1119 258 QAnatomes
1146 183 1483 248 ‘Plantarum
1504 183 1708 259 Idem,

341 313 618 382 placentulae,
653 312 755 382 pilis
769 324 932 358 ornatae
947 347 961 369 ,
985 305 1281 368 suboriuntur,
1299 307 1425 356 brevi
1438 306 1693 375 pedunculo
1715 305 1899 355 firmatae
1919 347 1932 369 ,
1960 324 2056 375 quae
2081 314 2127 358 in

342 389 404 438 sui
419 407 573 439 centro
595 386 850 437 Muscarum
874 397 1017 429 ovum
1036 381 1283 440 continent,
1308 385 1356 428 δε
1371 382 1556 431 aurelias
1572 386 1735 450 pariter
1762 379 1839 430 sub
1865 379 1906 430 se
1919 382 2126 432 cubantes

340 461 598 524 defendunt,
613 468 662 509 δι
677 472 843 526 tegunt.
888 457 938 501 In
951 450 1227 502 diversarum
1243 450 1496 518 plantarum
1508 452 1637 519 foliis,
1650 475 1697 506 ut
1710 460 1757 505 in
1771 457 1913 521 populo,
1919 455 2050 523 salice,
2078 462 2127 504 ὃς

340 543 436 601 vite,
444 533 685 602 inaequales
702 531 921 597 assurgunt
941 543 1153 588 tumores,
1167 525 1303 593 hique
1319 523 1505 593 insignes
1521 544 1577 573 ex
1595 545 1859 597 quacunque
1873 525 1970 577 folii
1984 546 2126 596 parte,

339 627 534 676 quorum
558 608 752 655 cavitate
771 620 864 652 ova
872 605 970 669 jam
996 599 1116 648 edita
1127 597 1440 648 custodiuntur.
1510 602 1560 646 In
1580 602 1697 663 ulmo,
1711 605 1898 664 &populo
1914 619 2011 652 tota
2025 600 2126 651 folii

339 679 583 728 virelcentis
609 675 846 725 substantia
867 679 914 724 in
925 670 1215 723 cavernosam
1241 671 1400 722 definit
1413 677 1762 735 concavitatem,
1777 675 1864 740 qua
1881 679 2124 727 innumerae

335 753 528 817 aureliae,
562 759 611 802 δι’.
636 750 822 801 tandem
848 748 1006 798 muscae
1021 752 1318 797 continentur.
1386 747 1644 816 Elegantior
1668 752 1809 797 etiam
1822 747 1950 796 nidus
1975 768 2124 799 erum-

333 845 466 894 pente
496 829 702 897 querci-na
728 827 816 875 uva
843 841 1040 895 paratur,
1064 841 1163 892 quae
1188 824 1213 872 a
1229 819 1355 871 succo
1376 826 1422 872 in
1450 819 1666 871 foliorum
1686 821 1885 871 utriculis
1913 841 2125 874 contento

331 904 549 970 gignitur3
582 901 704 970 quod
706 900 840 968 salici,
866 900 959 949 rubo
972 902 1120 960 canino,
1153 899 1349 963 &populo
1370 893 1594 945 familiare
1621 895 1697 944 est.
1766 895 2023 946 Mirabilior
2055 914 2123 946 ta·

330 994 439 1024 men
453 975 576 1026 estin
600 978 735 1025 hedera
761 973 947 1023 terrestri
974 990 1072 1021 uvae
1098 970 1308 1020 structura
1323 1011 1337 1035 ,
1368 971 1458 1039 qua
1483 969 1650 1020 stabilis
1676 970 1863 1019 animali
1890 970 2017 1019 nidus
2043 989 2124 1040 pa-

331 1065 465 1099 ratur.

394 1127 496 1174 Nec
510 1122 605 1173 sola
620 1122 834 1172 foliorum
855 1120 998 1171 moles
1015 1118 1286 1168 animalibus
1298 1118 1457 1167 nidum
1484 1117 1668 1185 praebet,
1702 1117 1775 1166 fied
1791 1115 1999 1185 &lignea
2013 1114 2125 1185 ejus.

330 1196 436 1245 dem
450 1196 641 1265 pediculi
672 1200 825 1264 portio
840 1235 854 1258 ,
884 1197 930 1242 in
940 1194 1072 1259 populo
1085 1193 1302 1261 praecipue
1329 1195 1542 1254 contorti,
1570 1197 1618 1240 &
1632 1195 1768 1253 aucti,
1793 1195 2126 1241 concavitatem

327 1269 487 1319 muscis
509 1270 729 1320 efformat.
795 1267 1013 1316 Tenellus
1038 1270 1202 1336 pariter
1229 1266 1418 1315 filrculus
1445 1269 1490 1313 in
1507 1283 1645 1331 quercu
1668 1283 1888 1314 concavus
1915 1265 2128 1323 redditus,

323 1344 485 1398 nidum
501 1351 548 1393 &
570 1343 789 1413 pabulum
802 1341 984 1390 condito
998 1340 1185 1390 animali
1197 1339 1378 1390 exhibet
1393 1381 1406 1404 ,
1440 1346 1489 1388 δι
1503 1339 1590 1388 rubi
1603 1342 1785 1407 exiguus
1800 1336 2007 1402 surculus,
2020 1359 2123 1390 coa-

323 1435 505 1469 cervato
517 1419 587 1468 seu
600 1423 746 1487 potius
772 1417 991 1486 impedito
1018 1419 1229 1465 nutriticii
1255 1413 1368 1463 succi
1381 1413 1579 1476 effluvio,
1608 1417 1655 1461 in
1668 1412 1854 1463 ovalem
1879 1430 2124 1480 tumorem,

325 1492 436 1540 dum
449 1491 667 1555 excrescit,
681 1490 895 1541 inclusum
912 1489 1053 1540 servat
1064 1507 1223 1551 ovum,
1250 1494 1299 1536 &
1313 1492 1479 1553 recepti
1495 1487 1647 1551 primo
1662 1490 1740 1535 ovi
1757 1490 2011 1535 cicatricem
2025 1507 2124 1556 per-

321 1567 461 1632 petuo
473 1564 630 1616 servat.
698 1566 981 1630 Frequentius
1006 1563 1118 1610 vero
1142 1579 1232 1608 ova
1250 1566 1296 1607 in
1315 1559 1590 1627 germinibus
1605 1559 1884 1627 conduntur3
1919 1580 2056 1630 quare
2072 1569 2120 1613 in

320 1657 485 1707 quercu
498 1638 724 1688 interdum
753 1653 914 1704 pamm
939 1631 1131 1702 expansa
1156 1632 1404 1682 &adaucta
1418 1637 1630 1700 germinis
1656 1630 1812 1682 foliola
1828 1638 1874 1681 in
1889 1631 1951 1681 sui
1967 1637 2124 1686 medio

321 1712 541 1762 aureliam
560 1713 714 1781 ligneo
729 1709 841 1758 nido
855 1705 1070 1756 inclusam
1084 1706 1247 1774 stipant
1267 1724 1279 1753 ε
1316 1709 1368 1754 In
1379 1705 1478 1754 aliis
1494 1722 1595 1753 non
1623 1705 1821 1754 adauctis
1847 1723 2041 1773 gemmae
2057 1706 2125 1756 fo-

322 1784 444 1835 liolis
467 1784 602 1835 flaturi
625 1783 781 1833 surculi
805 1783 1026 1833 alimonia
1050 1785 1168 1830 circa
1186 1798 1348 1842 ovum,
1374 1778 1449 1830 vel
1463 1778 1593 1847 plura
1605 1781 1764 1842 etiam,
1787 1776 2046 1844 affunditur,
2078 1787 2129 1831 &

320 1859 613 1906 utriculorum
625 1857 804 1905 ordines
819 1855 1041 1904 surculum
1070 1853 1359 1923 composituri
1375 1854 1615 1902 immutata
1630 1854 1704 1903 via
1729 1855 1845 1902 circa
1860 1872 2005 1904 ovum
2018 1874 2128 1904 con-

321 1947 601 2000 torquentur,
625 1928 738 1980 &fit
754 1931 865 1998 galla
885 1971 899 1994 ,
929 1946 1029 1998 quae
1054 1926 1179 1997 quafi
1200 1942 1414 1976 coronata
1442 1925 1670 1975 interdum
1703 1923 1887 1974 efficitur
1903 1967 1917 1989 ,
1948 1933 1998 1975 δι
2014 1947 2129 1978 non-

320 2021 554 2074 nunquam
568 2004 834 2073 appendices
847 2003 1137 2053 corniculatas
1150 2005 1336 2071 promit.
1403 2000 1621 2049 Tandem
1638 2003 1684 2055 in
1700 2000 1794 2049 rubo
1809 2005 1958 2065 canino,
1970 2021 2127 2070 quercu,

322 2077 611 2138 &fimilibus,
632 2095 689 2124 ex
703 2079 960 2144 germinum
993 2075 1198 2125 affluente
1226 2075 1353 2122 succo
1368 2073 1416 2121 fit
1440 2072 1688 2135 folliculus,
1698 2091 1804 2121 cum
1817 2092 2052 2125 ramorum
2079 2083 2128 2126 &

323 2147 522 2199 filiorum
551 2150 888 2199 inchoamentis
954 2152 1012 2197 Et
1039 2146 1268 2215 postremo
1284 2166 1377 2196 non
1392 2144 1493 2194 solis
1511 2145 1647 2206 foliis,
1674 2145 1872 2207 surculis,
1899 2154 2126 2216 &germi-

323 2225 452 2273 nibus
466 2227 624 2273 datum
640 2223 703 2270 est
715 2241 804 2272 ova
818 2220 985 2284 fovere,
1015 2221 1088 2269 sed
1105 2228 1153 2269 &
1167 2221 1392 2268 fructuum
1402 2219 1638 2266 corticibus
1656 2225 1703 2267 &
1717 2222 1975 2285 pericarpiis
1991 2252 2004 2287 3
2039 2241 2123 2270 un-

323 2296 380 2344 de
394 2297 579 2363 infignes
605 2293 821 2361 quasdam
848 2299 1033 2340 miratus
1049 2293 1147 2339 sum
1172 2293 1495 2352 excrescendas,
1530 2290 1747 2338 foliorum
1772 2287 1942 2340 formas
1957 2295 2123 2344 ruditer

323 2368 599 2428 aemulanteS,
612 2367 638 2413 ὲ
652 2368 817 2412 cortice
830 2362 1005 2430 glandis
1017 2362 1272 2430 pendentes,
1284 2362 1445 2430 quibus
1459 2380 1603 2410 ovum
1614 2361 1955 2413 custodiebatur.

387 2443 471 2489 His
483 2440 737 2500 adnectam,
755 2435 1017 2504 plantarum
1035 2449 1181 2502 partes
1195 2437 1384 2484 exterius
1406 2433 1633 2498 ulceratas,
1648 2433 1958 2486 excrescentias
1967 2456 2122 2507 parere

322 2513 455 2583 gallis
468 2514 678 2581 analogas
698 2543 710 2578 3
745 2516 793 2559 &
807 2513 854 2557 in
866 2514 1001 2558 unico
1015 2510 1101 2559 rubi
1118 2514 1241 2558 canini
1257 2507 1368 2558 folio
1385 2527 1540 2571 uvam,
1554 2505 1745 2558 diversas
1770 2510 1925 2578 gallas,
1939 2513 2119 2580 placen-

323 2587 534 2653 tulam,&
552 2583 735 2638 villosos
747 2583 997 2633 tuberculos
1008 2582 1267 2650 affurgentes
1284 2602 1360 2632 me
1375 2581 1631 2632 observafle.
1647 2586 1823 2632 Horum
1839 2591 1886 2634 δι
1901 2586 2120 2639 fimilium

323 2659 652 2725 observationes
666 2674 875 2710 mutuam
891 2656 969 2707 fibi
983 2656 1132 2706 lucem
1147 2654 1258 2706 ferre
1273 2656 1506 2707 ostendam
1522 2689 1534 2725 3
1552 2660 1719 2726 priores
1730 2663 1855 2707 enim
1869 2678 1962 2708 non
1975 2657 2119 2714 solum

323 2735 547 2788 folliculos
577 2732 810 2795 &fimilia,
825 2734 872 2780 in
889 2731 1095 2780 animalis
1126 2738 1174 2781 δι
1186 2731 1293 2780 editi
1307 2736 1386 2782 ovi
1417 2730 1667 2781 custodiam
1684 2738 1731 2781 δι
1747 2732 2021 2784 alimoniam
2044 2756 2120 2788 ex-

324 2814 455 2860 citata
469 2809 698 2859 evidenter
706 2805 1012 2855 demonstrant
1027 2838 1039 2874 3
1076 2805 1148 2854 sed
1167 2811 1215 2855 δι
1227 2805 1490 2874 posteriores
1506 2806 1747 2871 illustrant,
1759 2806 1980 2878 fimulque
1993 2812 2122 2862 nobis

325 2882 555 2933 dubitandi
581 2881 736 2930 locum
755 2882 922 2947 aperire
954 2879 1176 2944 videntur,
1210 2899 1299 2930 ova
1325 2883 1371 2928 in
1401 2879 1651 2947 hujusmodi
1665 2880 1835 2930 tenellis
1859 2883 2118 2950 plantarum

326 2956 522 3026 partibus
547 2957 573 3005 a
587 2952 840 3024 parentibus
859 2952 991 3021 muscis
1008 2952 1171 3020 condi3
1207 2959 1271 3017 &,
1302 2957 1525 3021 quoniam
1550 2957 1637 3001 acri
1653 2949 1780 3001 succo
1797 2954 1980 3004 madida
2004 2957 2118 3020 sunt,

329 3037 376 3081 &
400 3046 613 3099 perpetuo
644 3025 923 3077 consimilem
951 3024 1239 3094 transpirant,
1285 3026 1387 3076 ideo
1414 3027 1670 3094 plantarum
1693 3025 1855 3075 fistulas
1881 3027 2117 3082 lacerando

327 3121 620 3172 contorquere
635 3143 648 3166 ,
681 3118 944 3168 novumque
978 3116 1159 3148 motum
1177 3097 1360 3168 appulso
1393 3099 1519 3150 succo
1543 3103 1905 3169 communicare3
1939 3122 1993 3152 ex
2020 3122 2116 3172 quo

329 3179 660 3246 variaegallarum
673 3175 846 3244 species,
861 3179 907 3223 in
921 3174 1082 3242 quibus
1094 3190 1246 3222 tamen
1264 3177 1599 3241 germinationis
1621 3190 1785 3223 naturae
1798 3178 1881 3238 vis,
1909 3175 2009 3226 licet
2033 3180 2114 3230 ob-

329 3248 465 3313 scura,
479 3250 635 3314 latitat,
667 3251 774 3299 cum
789 3245 1000 3297 foliorum
1019 3246 1382 3315 surculorumque
1400 3247 1713 3297 inchoamenta
1745 3248 1931 3298 &rudes
1956 3247 2114 3320 species

330 3340 573 3392 emergant.

395 3403 568 3448 Ramos
596 3397 877 3466 quarundam
898 3394 1151 3463 plantarum
1172 3398 1315 3464 Spinis
1333 3401 1380 3445 &
1397 3395 1555 3445 aculeis
1566 3398 1741 3444 Natura
1766 3400 1973 3461 armavit,
2000 3414 2112 3465 qua-

332 3492 435 3523 rum
447 3489 670 3535 exortum,
684 3470 891 3540 figuram,
902 3475 1166 3518 &naturam
1182 3488 1419 3538 exponam.
1452 3467 1695 3537 Capreolos
1708 3472 1933 3538 pariter,&
1948 3488 2114 3539 ungues

334 3545 554 3596 delineare
565 3548 719 3594 enitar.
786 3546 1003 3611 fungorum
1031 3546 1171 3592 etiam
1186 3541 1395 3595 fibrossm
1407 3560 1678 3612 compagem
1693 3547 1780 3593 una
1794 3563 1898 3594 cum
1910 3545 2112 3592 mucedmis

333 3620 489 3688 plantae
504 3620 702 3670 iconibus
721 3617 960 3669 describere
977 3617 1188 3667 conabor.
1937 3616 2109 3666 Plantas

2219 210 2274 249 11
