2638 3926
348 461 1998 612 PRAEFATIO.

577 745 716 805 Irum
751 742 833 822 cst,
854 735 1166 801 Plantamm
1182 762 1356 824 genus,
1374 739 1504 824 quod
1515 738 1714 817 civilis,
1735 738 2074 823 nitidiorisque

615 835 740 885 vitae
762 823 907 885 velut
927 825 1298 907 instrumentum
1315 844 1414 910 prae
1436 823 1662 886 manibus
1677 827 1906 908 perpetuo
1929 823 2076 885 habe-

612 933 756 983 mus3
799 916 873 974 (9
914 909 1116 971 humani
1164 918 1375 994 corporis
1413 912 1715 994 strufiluram
1766 909 2074 995 quotidiana,

619 993 856 1077 larga'que
900 993 1134 1055 alimonia
1178 1015 1396 1079 reparat,
1439 1003 1514 1061 ὠν
1559 1002 1833 1078 componit3
1877 995 1942 1054 ad
1975 996 2074 1055 haec

273 1082 416 1165 usque
450 1097 661 1163 tempora
692 1086 845 1139 menti
889 1081 1049 1161 nostra
1090 1080 1293 1162 latuiffie,
1334 1089 1409 1143 (φ
1438 1082 1669 1160 postremo
1686 1079 1788 1160 fitae
1832 1087 2074 1164 compagis·

275 1170 545 1248 cognitione
573 1188 657 1226 nos
680 1164 872 1225 erudire
907 1163 1105 1246 tentaffi’
1123 1188 1142 1222 :
1184 1165 1321 1247 quafi
1339 1186 1396 1222 ac
1408 1162 1571 1246 finale
1582 1165 1670 1244 fit,
1712 1164 1840 1244 quod
1859 1165 1976 1223 olim
1998 1172 2074 1224 in-

274 1248 560 1310 culcabatur
584 1250 886 1331 antiquitus,
909 1248 1044 1308 nihil
1066 1256 1257 1308 omnino
1266 1249 1522 1329 sapientiae
1545 1266 1716 1329 corpus
1738 1247 1945 1328 nestrum
1966 1273 2072 1308 con-

265 1336 404 1418 ferre
429 1358 445 1407 3
472 1334 566 1415 sed
583 1340 800 1394 excitato
823 1332 886 1392 ab
910 1333 1070 1393 eodem
1089 1331 1316 1406 tumultu,
1357 1338 1430 1396 (φ
1445 1330 1836 1414 perturbatione,
1867 1352 2074 1393 mentem

274 1420 355 1478 ita*
371 1419 569 1500 percelli
586 1443 602 1492 3
642 1436 698 1478 ut
718 1441 895 1477 verum
924 1440 1118 1477 cernere
1150 1439 1452 1499 nequeamus.
1544 1415 1889 1497 Superioribm
1929 1424 2075 1477 annis

275 1509 618 1584 vegetantium
657 1523 854 1583 organa,
896 1520 1136 1582 quatenus
1161 1506 1394 1560 tenuitati
1440 1523 1548 1559 mete
1564 1500 1971 1583 permtffitmfhit,
2001 1504 2073 1563 lu-

259 1586 428 1667 strare
471 1591 711 1656 tentavi3
753 1584 1021 1665 horumque
1067 1584 1209 1645 rudes
1253 1583 1441 1666 aliquot
1473 1591 1634 1643 icones
1661 1583 1909 1645 exhibui:
1951 1589 2080 1670 quod

279 1673 402 1728 vero
437 1669 714 1748 supererat,
747 1668 971 1726 ulteriori
1018 1669 1111 1726 hac
1167 1674 1519 1726 exercitatione
1559 1668 1738 1727 addidi.
1832 1670 1888 1726 V
1884 1690 2073 1753 egetan-

276 1757 404 1811 tium
427 1754 465 1810 S
470 1758 680 1811 eminum
698 1770 1032 1833 argumentum
1053 1751 1194 1833 longa
1238 1750 1628 1832 observationum
1654 1752 1786 1832 ftrie
1811 1754 1938 1812 mihi
1961 1775 2072 1837 per-

276 1835 585 1896 traElandum
609 1853 715 1894 erat
751 1842 805 1894 in
828 1841 1025 1908 animo3
1057 1836 1151 1916 secl
1187 1842 1413 1917 quoniam
1436 1835 1526 1894 hoc
1566 1843 1794 1917 temporis
1827 1838 2073 1899 diuturni-

276 1937 430 1981 tatem
448 1926 625 2002 exigit,
669 1938 724 1978 ut
747 1926 1043 2002 emergentia
1073 1919 1378 2000 phaenomena
1402 1920 1579 2000 sepius
1614 1928 1820 2002 repetita
1851 1942 2073 2003 pateant,

277 2005 500 2086 mihique
523 2012 660 2064 intra
692 2002 929 2064 urbanam
964 2004 1151 2063 domum
1174 2029 1266 2064 non
1286 2005 1500 2085 fitcceffit
1529 2004 1750 2085 diverfits
1785 2026 2075 2088 vegetantes

278 2087 410 2148 alere
426 2089 638 2169 plantas,
666 2091 714 2146 eo
738 2094 853 2170 quia
878 2087 970 2147 loci
996 2090 1212 2171 angustia
1250 2087 1550 2147 ventilatum
1573 2112 1732 2148 aerem
1767 2114 1861 2149 non
1899 2094 2074 2152 admita

278 2178 365 2249 tit,
406 2172 576 2255 ibique
615 2173 785 2254 potius
827 2171 1159 2253 contabescunt
1197 2171 1393 2253 planta,
1442 2176 1590 2253 quam
1630 2172 1744 2232 laetae
1789 2175 2073 2250 luxurient3

268 2259 402 2340 soris
425 2276 587 2316 autem
623 2257 707 2315 diu
727 2263 1010 2316 commorari
1049 2281 1140 2315 non
1183 2256 1345 2329 licuit,
1387 2275 1488 2314 tunt
1511 2257 1570 2315 ob
1610 2257 1880 2339 domesticas
1916 2285 2074 2336 curas,

278 2357 384 2398 tum
410 2338 468 2397 ob
491 2338 726 2419 molestam
748 2340 993 2398 meclicinae
1010 2347 1241 2421 praxim,
1284 2363 1386 2421 quae
1407 2358 1566 2398 tamen
1582 2349 1741 2421 potui,
1782 2354 1982 2405 tentavi
2003 2354 2077 2410 ἔφ’

280 2421 488 2482 aliorum
526 2421 963 2482 exercitationibus
1002 2423 1187 2499 addita,
1231 2423 1426 2505 aliquid
1453 2422 1648 2507 fhrtaffiff
1687 2425 1810 2485 lucis
1852 2446 1953 2487 tam
1993 2430 2074 2488 ob-

262 2507 413 2586 scuro
450 2525 727 2590 argumento
751 2525 850 2588 prae
869 2507 922 2590 se
934 2507 1116 2590 ferent.
1202 2507 1464 2567 Gallarum
1496 2516 1753 2568 materiam
1788 2511 1855 2569 aa'
1882 2514 2076 2574 taedium

278 2592 428 2672 usque
443 2591 742 2672 protracflam
779 2590 988 2650 dubito:
1032 2598 1086 2650 in
1117 2592 1208 2651 hac
1247 2611 1408 2651 tamen
1437 2591 1624 2673 placuit
1651 2595 1923 2678 recolligere
1937 2600 2076 2683 sege-

281 2690 381 2734 tem
396 2701 411 2747 3
450 2692 505 2733 ut
516 2673 660 2757 plura
665 2673 817 2755 fimul
850 2676 1062 2758 congesta
1079 2675 1380 2757 probabilem
1412 2677 1629 2736 indicent
1653 2679 1863 2738 Natura
1894 2686 2076 2743 metho-

282 2757 407 2817 dum.
499 2759 841 2818 Minimarum
857 2759 1140 2840 plantarum
1162 2760 1350 2844 longam
1365 2760 1739 2842 disquzfitionem
1756 2765 2042 2845 exoptabam
2060 2793 2074 2839 3

283 2846 358 2905 &
381 2843 766 2926 tmperfhttorum
793 2851 1129 2926 vegetantium
1144 2847 1379 2926 praecipue
1401 2852 1696 2906 marinorum
1719 2847 1845 2906 mihi
1878 2851 2073 2933 neceffit-

283 2930 382 3000 ria,
424 2933 497 2989 (ff
518 2926 752 3008 perutilis
776 2930 947 3010 indago
981 2947 1123 3003 erat3
1163 2947 1218 2988 ut
1237 2953 1361 2989 unus
1396 2930 1609 2988 Naturae
1633 2932 1860 3012 operandi
1893 2935 2072 3010 modus,

269 3008 593 3091 simplexque,
635 3017 972 3093 &patentior
991 3011 1271 3092 plantarum
1303 3013 1569 3097 struct‘ura,
1603 3021 1677 3077 (y
1706 3035 1950 3099 compages
1975 3019 2074 3077 elu-

285 3097 489 3175 cesceret
515 3117 531 3150 .·
566 3103 790 3175 quoniam
825 3114 985 3155 tamen
1009 3098 1041 3153 a
1064 3103 1190 3156 mari
1225 3096 1470 3178 distamus,
1509 3121 1596 3158 nec
1627 3098 1764 3158 nobis
1807 3108 1959 3161 otium
1995 3104 2076 3182 cst,

284 3193 343 3235 ut
350 3175 543 3256 singula
568 3184 832 3254 rimemur3
876 3180 980 3238 ideo
1016 3179 1222 3238 aliorum
1261 3181 1545 3262 industriam
1579 3184 1722 3241 enixe
1745 3205 1928 3267 exopto.
2013 3187 2076 3246 In

286 3259 497 3343 reliquis
549 3260 940 3342 ohfhrvationum
965 3264 1142 3344 seriem
1179 3264 1386 3323 exhibui
1439 3266 1658 3324 iconibus
1701 3268 1964 3348 fitciatam,
2020 3291 2074 3330 ut

323 3344 499 3404 uilibet
516 3363 605 3426 pro
634 3345 842 3406 arbitrio
865 3354 1145 3430 cuicumque
1154 3347 1398 3428 systemati
1415 3354 1617 3409 innixus
1634 3351 1958 3435 philofitphari
1982 3379 2076 3416 va-

288 3365 402 3486 qeat.
486 3429 655 3488 Icones
669 3437 861 3511 pariter
883 3434 988 3491 meti
1013 3455 1155 3491 manu
1171 3437 1384 3513 expreffi,
1412 3430 1530 3493 licet
1570 3438 1862 3517 microscopii
1886 3458 1969 3521 ope
1995 3440 2076 3499 acl-

288 3512 482 3570 auctum
505 3524 835 3594 repraesentent
859 3515 1092 3594 objeoium
1117 3541 1134 3574 .·
1175 3539 1268 3575 non
1306 3535 1467 3576 tamen
1499 3542 1660 3578 omnes
1688 3520 1887 3602 ejufflem
1915 3542 2077 3604 partes

276 3595 510 3678 fignatim
559 3605 858 3679 exprimunt,
916 3599 1081 3682 quales
1115 3623 1295 3660 revera
1341 3619 1515 3661 extant
1558 3603 1670 3665 cum
1706 3612 1760 3665 in
1801 3601 2076 3688 immensum

1965 3694 2078 3775 fer&
