2600 3952
287 156 2276 194 —.—.--.-..--.--———————-——-——-—-

354 218 434 277 68

876 205 1316 266 MARCELLI
1387 189 1859 249 MALPIGHIr

295 279 2284 318 Γ

526 337 650 386 Idem
668 339 712 382 jn
736 331 841 388 Moly
856 335 1030 372 montano
1045 314 1320 364 observatur.r
1388 312 1572 363 Pir-orum
1592 331 1684 374 277
1711 328 1858 364 uterus
1871 316 2091 367 confimili
2118 321 2294 392 infigni-

518 427 588 459 tur
613 400 844 458 structura,
879 393 1048 442 semina
1073 391 1241 437 etenim
1255 390 1503 457 pericarpio
1537 387 1788 438 conduntur
1808 407 1818 436 :
1858 393 1959 440 Hoc
1983 409 2134 444 tamen
2158 414 2295 466 pecu-

514 484 620 530 liare
634 475 781 533 habet,
816 485 862 517 ut
874 463 1167 515 utriculorum
1182 464 1376 525 ordines,
1392 460 1557 531 quibus
1578 462 1723 532 ipsum
1737 470 2041 533 componitur,
2050 489 2144 520 non
2155 486 2298 525 unam

517 550 706 603 habeant
720 541 1059 592 inclinationem
1073 539 1223 588 versus
1237 553 1460 601 centrum,
1495 537 1568 587 sed
1580 536 1750 607 disperfi
1763 541 1920 608 paffim
1938 541 2079 613 lapilli
2096 552 2145 609 A,
2163 563 2296 600 tarta..

516 628 625 689 1e1q5
654 615 827 687 globuli
852 612 1079 682 inaequalis
1098 612 1244 681 figurae
1270 607 1577 674 observentur,
1608 614 1725 661 circa
1738 629 1852 680 quos
1866 619 2157 671 utriculorum
2170 619 2298 676 stries

519 699 576 758 Β,
603 692 740 742 veluti
754 706 819 740 tot
833 689 945 746 lineo
961 693 1076 737 circa
1107 702 1315 735 centrum
1341 684 1579 732 ducuntur.
1647 689 1913 752 Frequenter
1938 696 1984 741 in
2007 700 2092 762 piro
2116 698 2300 767 pedica..

514 769 580 817 lus
609 767 764 836 ligneis
796 771 842 813 &
863 761 1089 830 spiralibus
1116 758 1269 807 fistulis
1300 773 1639 826 coagmentatus
1664 773 1870 810 tartareas
1899 770 2162 836 appendices
2176 776 2221 838 C,
2248 783 2298 827 &

517 840 666 890 saxeos
693 839 872 907 lapillos
894 839 939 884 D
970 836 995 883 a
1011 833 1130 884 fibris
1156 837 1196 883 E
1218 832 1461 902 pendentes
1485 831 1635 896 habet,
1672 836 1788 882 &in
1803 837 1964 891 eo'dem
1978 845 2172 905 medune
2194 849 2299 900 loco

519 932 710 965 tartarea
732 912 922 959 luxuriat
951 907 1199 958 substantia.
1268 909 1513 970 Cydoniorum
1525 925 1631 957 caro
1644 906 1799 959 iisdem
1817 920 2010 966 tartareis
2022 915 2152 971 scatet
2164 922 2302 993 lapil-

514 989 582 1049 lis,
613 989 693 1054 qui
718 984 774 1035 de
806 1001 935 1034 more
961 982 1185 1051 productis
1208 980 1384 1031 costulis
1415 976 1581 1031 fibrofis
1607 981 1935 1052 appenduntur,
1971 997 2020 1040 &
2045 998 2160 1045 circa
2186 997 2301 1066 ipsos

514 1059 811 1110 utriculorum
836 1059 1088 1109 statuuntur
1115 1056 1303 1106 ordines.
1371 1056 1534 1106 Pomum
1551 1071 1764 1125 granatum
1790 1065 1879 1119 278
1897 1066 2089 1118 craffiori
2108 1074 2303 1141 pericar-

515 1137 594 1204 pio
608 1136 770 1203 parum
798 1132 1033 1195 exficcato,
1066 1135 1115 1180 in
1138 1146 1350 1182 naturam
1378 1130 1600 1181 solidioris
1624 1131 1848 1184 involucri
1872 1141 2065 1190 exterius
2081 1150 2302 1211 munitur,

516 1209 642 1277 quod
666 1212 901 1259 malicorium
928 1207 1116 1270 dicitur,-
1150 1222 1362 1257 contenta
1389 1205 1501 1255 vero
1529 1210 1866 1256 concameratio
1894 1211 2065 1264 cellulis
2077 1217 2305 1290 distingui-

522 1298 609 1346 tur,
644 1300 743 1350 quae
770 1281 972 1331 tenuibus
986 1280 1283 1345 membraniS,
1317 1285 1385 1330 cici
1398 1283 1587 1330 nomine
1602 1280 1795 1346 donatis,
1829 1284 2112 1341 obvelantur.
2145 1295 2306 1363 Hujusl

527 1355 658 1405 modi
672 1374 825 1406 autem
838 1355 1066 1425 replentur
1082 1354 1340 1421 seminibus,
1372 1373 1472 1426 quc,
1483 1373 1731 1425 pomorum
1747 1356 1896 1422 instar,
1911 1361 1936 1409 a
1950 1360 2112 1415 fibroso
2123 1370 2308 1437 pedicu-

513 1429 562 1479 lo
589 1433 636 1494 A,
669 1429 872 1481 derivato
895 1433 921 1479 a
936 1434 1172 1500 pericarpii
1201 1436 1387 1495 cortice,
1420 1431 1632 1500 pendent.
1701 1432 1955 1499 Qodlibet
1970 1441 2124 1510 itaque
2151 1443 2308 1499 lemen

517 1502 784 1555 offeonuclo
810 1507 868 1570 Β,
900 1524 1106 1556 centrum
1121 1522 1317 1571 tenente,
1351 1504 1685 1570 circumdatur;
1720 1506 1822 1558 huic
1835 1509 1991 1562 autem
2003 1512 2151 1571 herent
2176 1520 2311 1572 innu-

515 1582 633 1627 meri
662 1581 774 1648 pene
791 1579 1090 1631 utriculorum
1102 1579 1177 1631 seu
1202 1579 1477 1632 sacculorum
1498 1582 1675 1633 ordines
1707 1584 1752 1646 C,
1774 1583 1900 1652 quafi
1915 1587 2086 1640 radiosa
2106 1608 2312 1661 corpora,

516 1653 676 1721 quibus
693 1671 790 1705 tota
813 1655 1060 1705 rubicunda
1085 1674 1205 1718 caro,
1227 1672 1310 1723 que(²
1335 1670 1514 1724 gratum
1529 1654 1723 1723 expreffa
1738 1656 1884 1708 reddit
1895 1656 2088 1727 succum,
2118 1684 2311 1737 compo..

518 1730 667 1775 nitur:
705 1730 908 1778 Exterius
922 1727 1187 1776 membrana
1202 1731 1476 1794 cooperitur,
1509 1744 1593 1794 que
1615 1728 1849 1796 angulares
1878 1747 2000 1781 areas
2029 1737 2075 1782 D
2099 1737 2314 1806 defignat.

517 1801 820 1850 Confimilem
835 1800 1209 1870 compositionem
1234 1804 1281 1851 in
1304 1815 1383 1851 uva
1405 1802 1514 1868 spina
1544 1805 1746 1870 reperies.
1814 1804 2060 1856 Succedunt
2083 1811 2238 1864 limonia
2263 1819 2316 1866 δε

518 1878 699 1923 amantia
722 1888 832 1940 poma
852 1894 962 1942 279,
994 1892 1096 1943 quae
1122 1870 1291 1943 duplici
1303 1874 1506 1925 constant
1534 1878 1816 1944 pericarpio3
1849 1882 2045 1931 exterior
2055 1888 2183 1935 enim
2205 1906 2316 1939 caro

517 1947 842 2014 multiplicibus
868 1949 1120 2016 lignearum
1151 1947 1371 2000 fibrarum
1393 1944 1604 1998 fasciculis
1632 1955 1672 2000 A
1694 1952 1926 2018 irrigatur,
1959 1954 1986 2002 ὲ
2017 1957 2180 2023 quibus
2205 1961 2315 2016 hinc

522 2020 629 2068 inde
647 2017 903 2069 enascuntur
918 2020 1216 2072 utriculorum
1243 2020 1495 2070 reticulares
1510 2020 1824 2084 productiones
1837 2023 1897 2085 Β,
1928 2027 2203 2091 peculiarem
2217 2033 2314 2086 filc-

518 2110 624 2139 cum
650 2095 956 2152 continentes,-
991 2086 1109 2138 unde
1134 2107 1192 2139 ex
1216 2094 1383 2138 horum
1409 2088 1657 2158 multiplici
1686 2096 1894 2162 congerie
1933 2112 2028 2149 tota
2052 2119 2159 2152 caro
2182 2125 2317 2180 coag-

517 2180 758 2215 mentatur.
828 2168 878 2213 In
891 2165 1099 2212 exteriori
1126 2161 1257 2230 hujus
1287 2160 1515 2231 superficie
1551 2163 1706 2213 ovales
1735 2167 1931 2218 veficulae
1963 2168 2215 2243 frequenter
2244 2181 2317 2232 10.

515 2256 689 2303 cantur,
717 2238 879 2308 quibus
905 2236 1057 2288 oleosa
1083 2240 1272 2287 materia
1300 2254 1540 2288 coercetur.
1607 2242 1733 2289 Caro
1744 2279 1760 2303 ,
1792 2245 2061 2300 exteriorem
2088 2252 2315 2310 ambitum

516 2314 801 2376 constituenS‚
836 2314 1018 2362 interius
1032 2314 1480 2363 concamerationem
1493 2314 1675 2375 excitat,
1710 2330 1809 2382 quae
1823 2315 1882 2366 ab
1899 2317 2106 2391 oblongis
2118 2326 2315 2398 sacculis,

519 2387 645 2436 succo
673 2387 802 2436 acido
833 2382 1019 2448 refertis,
1055 2400 1321 2453 occupatur3
1356 2383 1612 2450 hujusmodi
1637 2381 1919 2437 sacculorum
1944 2395 2141 2445 tumulus
2160 2402 2208 2449 in
2239 2418 2312 2452 tot

519 2459 748 2527 disparatis
772 2459 945 2508 cellulis
964 2457 1031 2505 seu
1043 2461 1177 2507 uteris
1203 2459 1472 2519 continetur,
1511 2456 1632 2506 unde
1658 2458 1848 2526 appensa
1871 2458 2038 2514 semina
2061 2464 2230 2537 fovent,
2257 2481 2310 2526 δι

524 2532 745 2581 ambiunt.
815 2529 1023 2595 Qilibet
1035 2529 1242 2592 sacculuS,
1275 2536 1359 2578 luo
1372 2530 1583 2598 pediculo
1598 2533 1630 2579 C
1640 2526 1856 2595 firmatus,
1878 2533 1905 2581 a
1919 2534 2084 2587 fibroso
2094 2539 2308 2598 fasciculo

517 2624 598 2675 per
621 2623 804 2656 carnem
830 2605 1026 2673 disperso
1043 2604 1221 2673 pendet,
1248 2608 1296 2653 &
1311 2605 1488 2674 propria
1501 2603 1768 2656 membrana
1793 2609 2085 2662 utriculorum
2100 2620 2310 2673 innume-

519 2699 621 2730 ram
646 2683 800 2730 seriem
828 2678 987 2742 ambit,
1022 2681 1100 2748 qui
1127 2677 1258 2729 acido
1279 2673 1409 2728 succo
1435 2695 1634 2749 turgent:
1671 2682 1851 2733 Horum
1873 2678 2020 2735 forma
2046 2690 2092 2736 D
2117 2696 2310 2747 exterius

521 2755 719 2824 oblonga
735 2753 814 2817 est,
846 2755 1027 2802 interius
1042 2753 1257 2822 amplior,
1283 2753 1509 2822 angularis
1544 2760 1593 2804 δι
1608 2757 1747 2805 varia.

588 2833 640 2878 In
652 2827 842 2878 lustratis
871 2826 1093 2897 hucusque
1108 2830 1269 2891 UteriS,
1297 2832 1472 2880 Natura
1486 2833 1790 2900 pericarpium
1818 2836 2005 2885 exterius
2030 2834 2217 2907 locavit,
2241 2846 2311 2913 ip-

523 2902 632 2973 sosq3
661 2904 1051 2970 circumvallavit3
1083 2906 1129 2951 in
1145 2903 1367 2972 aliquibus
1382 2923 1534 2956 autem
1558 2908 1728 2957 inversa
1741 2910 1814 2960 via
1826 2910 1850 2958 ὲ
1863 2914 2127 2981 pericarpio,
2148 2917 2196 2963 in
2208 2917 2311 2986 glo..

521 2979 682 3028 bosum
709 2997 867 3048 corpus
881 2995 1212 3048 coagmentato,
1248 2998 1473 3049 emergere
1486 2980 1634 3032 voluit
1647 2984 1808 3034 Uteros
1823 2991 1870 3034 &
1885 3001 2095 3037 contenta
2108 2987 2275 3041 semina
2293 3012 2306 3042 :

523 3054 625 3103 Hoc
651 3059 697 3104 in
712 3054 846 3121 fragis
866 3058 960 3103 280
980 3055 1179 3123 prcgcipue
1200 3054 1587 3124 deprehendimuS,
1613 3072 1810 3124 quorum
1824 3060 1986 3108 Uterus
2015 3079 2093 3130 per
2115 3062 2306 3133 longum

523 3125 659 3178 sectus
688 3130 855 3197 ligneas
882 3128 1012 3179 fibras
1040 3137 1090 3192 A,
1129 3131 1153 3177 a
1191 3129 1363 3197 petiolo
1388 3129 1665 3199 affurgenteS,
1701 3132 1907 3196 exhibet,-
1943 3133 2002 3183 ab
2024 3136 2091 3186 his
2112 3139 2310 3204 pendent

524 3201 670 3268 Uteri,
694 3200 769 3253 seu
785 3204 1010 3254 seminum
1023 3204 1209 3274 capfiilae
1226 3207 1292 3272 [133
1328 3203 1496 3255 fibrofis
1511 3206 1620 3255 vero
1632 3205 1808 3256 costulis
1821 3207 1988 3257 haerent
2013 3211 2309 3264 utriculorum

526 3273 650 3324 stiriae
679 3279 841 3348 C,quae
859 3278 978 3327 dulci
1005 3295 1183 3347 turgent
1195 3278 1352 3346 succo3
1389 3285 1437 3328 &
1464 3279 1625 3330 harum
1654 3281 1896 3350 progressus
1928 3281 2104 3333 videtur
2129 3302 2196 3334 tot
2219 3287 2309 3335 Iac-

526 3348 651 3412 culis,
683 3351 752 3400 seu
790 3353 983 3403 utriculis
1009 3357 1070 3416 D,
1092 3356 1325 3423 componi,
1352 3358 1433 3421 qui
1461 3354 1671 3423 inaequali
1694 3356 1916 3423 pollentes
1945 3356 2102 3428 figura,
2131 3367 2179 3409 &
2204 3377 2309 3409 con-

529 3439 654 3472 tento
666 3423 851 3477 humore
876 3428 1075 3497 turgidae,
1102 3444 1367 3477 contentum
1395 3426 1607 3477 fibrarum
1638 3426 1894 3480 fasciculum
1916 3433 2194 3493 Eambiunt,
2224 3450 2308 3481 un-

530 3496 586 3544 de
621 3495 872 3564 hujusmodi
908 3502 1082 3552 ordines
1113 3502 1240 3552 velut
1279 3520 1511 3552 ramorum
1551 3502 1863 3572 productiones
1901 3505 2094 3556 diversos
2123 3508 2309 3572 gignunt

301 3569 880 3638 TAB.49.quas1fi1rculos.
946 3577 997 3623 In
1019 3582 1164 3642 cinara,
1191 3578 1469 3643 &heliotropio
1489 3580 1596 3643 281,
1629 3578 1834 3629 cauliculi
1862 3595 1974 3645 apex
1988 3574 2143 3627 fienfim
2154 3578 2306 3629 dilata-

2236 3660 2307 3703 tui·
