2600 3952
259 144 2251 276 m

486 319 674 368 fimum,
744 307 855 355 Illud
872 322 994 352 enim
1011 303 1261 350 acuminata
1277 299 1397 369 quasi
1414 300 1580 369 lingula
1611 297 1738 350 foetus
1765 300 1942 349 hiatum
1954 317 2158 368 penetrat
2174 304 2264 354 solit

482 385 765 438 intercedente
792 379 1112 444 contiguitate,
1163 378 1276 425 inter
1322 378 1508 424 amnion
1548 377 1658 425 vero
1695 381 1742 424 &
1771 374 1956 423 chorion
1987 376 2262 428 membranae

484 457 668 507 mucosae
686 453 900 513 mediant,
933 467 1030 518 quae
1045 449 1271 498 interdum
1293 448 1504 499 vasorum
1533 449 1674 518 specie
1691 453 1944 518 imponunt.
2011 451 2264 518 Postremi),

479 529 703 595 completo
732 523 839 574 foetu
853 529 919 587 X,
953 527 999 571 in
1017 520 1154 573 fundo
1172 523 1365 592 reliquus
1382 524 1543 572 humor
1559 543 1663 573 cum
1672 527 1916 593 corrugatis
1946 528 2103 575 tunicis
2116 525 2262 597 super·

484 603 561 650 est.
632 605 681 649 In
697 617 804 667 pomo
822 619 932 668 234,
967 601 1127 666 pariter
1157 596 1332 646 seminis
1363 598 1597 665 productio
1614 616 1772 664 parum
1787 598 1948 667 dispari
1974 601 2139 654 incedit
2162 621 2267 672 pro-

488 672 651 742 grellii,
680 675 876 724 umbilicus
904 676 1027 721 enim
1056 677 1108 732 A,
1140 670 1419 737 perlongum
1435 688 1679 731 excurrens,
1714 672 1869 721 senfin]
1887 676 1935 721 in
1964 678 2090 744 apice
2105 678 2267 728 dilata..

478 765 566 812 tur,
602 752 649 798 in
673 767 771 817 quo
786 746 986 815 plantula
1007 747 1046 792 Β
1062 745 1207 812 primo
1233 747 1447 810 emergit3
1481 742 1676 810 amplius
1704 745 1900 796 redditur
1925 753 2114 800 amnion
2140 755 2187 816 C,
2215 760 2266 803 &

478 821 621 871 chorii
648 822 896 871 ambientes
927 818 1193 867 utriculosD
1211 815 1462 865 umbilicali
1493 817 1592 866 vase
1604 820 1807 867 excurrit.
1874 821 2087 873 Plantulae
2111 825 2184 877 seu
2209 827 2268 878 se,

478 899 610 943 minis
625 893 786 963 species
802 893 864 942 est
878 898 917 942 E
936 912 946 940 :
987 892 1235 942 Succeffivis
1249 894 1494 959 augmentis
1520 893 1664 940 amnii
1678 891 1821 941 moles
1840 895 1878 942 F
1887 898 2105 964 turgidior
2117 901 2266 952 reddi-

476 985 561 1031 tur,
593 968 928 1018 contabescente
941 966 1173 1028 chorioG3
1211 963 1363 1015 semen
1389 966 1499 1015 vero
1526 967 1588 1015 H
1602 965 1863 1032 quotidiana
1888 974 2094 1022 auctione
2106 975 2266 1040 chorii,

475 1046 669 1112 amniiq,
698 1043 956 1092 insumendo
971 1042 1193 1103 humoreS,
1231 1044 1374 1089 varias
1399 1039 1510 1088 subit
1534 1035 1717 1087 formas.
1785 1040 1874 1092 Piri
1908 1062 1996 1112 235
2032 1065 2174 1119 quoq,
2198 1051 2266 1102 st-

478 1121 623 1181 mina,
656 1134 912 1188 emergente
943 1115 1163 1165 umbilico
1197 1120 1250 1178 A,
1282 1118 1396 1163 intra
1423 1111 1679 1161 secundinas
1694 1115 1752 1176 Β,
1789 1115 2149 1185 colliquamento
2175 1142 2268 1174 tur-

484 1191 627 1258 gidas,
659 1192 876 1243 confimili
892 1197 1167 1240 incremento
1182 1188 1502 1258 producuntur.
1573 1187 1741 1238 Senfim
1756 1191 2007 1241 extenditur
2033 1196 2273 1249 umbilicus

481 1268 525 1326 C,
564 1273 611 1315 δι
627 1267 810 1316 tandem
825 1265 1047 1315 seminalis
1073 1265 1275 1333 plantula
1292 1268 1334 1312 D
1351 1279 1564 1331 apparet,
1597 1262 1704 1325 haec,
1730 1280 1928 1333 turgente
1944 1267 2084 1318 indies
2109 1276 2272 1324 amnio

477 1342 533 1401 E,
565 1345 736 1390 auctior
759 1340 960 1409 plantula
979 1343 1017 1388 F
1043 1339 1252 1402 redditur,
1287 1341 1350 1386 ita
1363 1353 1412 1386 ut
1427 1337 1608 1386 tandem
1622 1338 1914 1388 utriculorum
1937 1345 2092 1393 tunicae
2115 1348 2163 1394 in
2175 1349 2271 1396 exi-

473 1429 612 1479 guam
640 1415 813 1464 molem
837 1419 875 1464 G
898 1414 1166 1483 complicitae
1195 1412 1414 1482 supersint.
1481 1412 1783 1462 Confimilem
1815 1413 1994 1466 seminis
2018 1424 2271 1486 generatio..

473 1506 583 1536 nem
600 1493 756 1539 mirari
783 1491 886 1539 licet
900 1494 943 1539 in
958 1490 1252 1559 productione
1264 1488 1485 1554 cerqfhrum,
1496 1504 1720 1555 prunorum,
1735 1493 1782 1536 δι
1795 1504 2011 1554 promarum
2024 1498 2268 1546 Armeniaca.-

476 1582 560 1612 rum
580 1566 691 1633 236,
719 1583 916 1634 quorum
934 1568 1068 1615 variae
1084 1561 1243 1632 species
1268 1564 1364 1612 sunt
1383 1562 1439 1611 ab
1456 1569 1495 1613 A
1517 1559 1612 1630 usq,
1641 1562 1761 1610 ade.

539 1640 666 1703 Qid
695 1639 837 1688 limile
866 1644 910 1687 in
937 1640 1096 1707 plantis
1111 1637 1392 1706 quibusdam,
1427 1643 1475 1686 δι
1508 1637 1729 1703 praecipue
1762 1641 1810 1685 in
1838 1640 2037 1689 cucurbita
2062 1650 2269 1717 occurrit,

245 1720 295 1769 T
297 1740 400 1790 AB·3
411 1741 455 1788 9,
476 1728 527 1779 23
538 1729 567 1769 7
582 1743 594 1778 3
634 1717 679 1761 in
694 1719 816 1782 cujus
832 1713 1074 1762 secundinis
1092 1718 1144 1774 A,
1159 1712 1334 1778 liquore
1349 1709 1626 1769 scatentibuS,
1654 1708 1912 1759 tubulosum
1926 1713 2107 1783 valdeq3
2125 1718 2268 1770 latum

472 1786 730 1853 producitur
754 1788 963 1836 umbilicale
981 1800 1051 1835 vus
1066 1787 1125 1848 Β,
1159 1784 1520 1852 colliquamento
1546 1782 1773 1850 turgidum
1794 1801 1804 1830 ε
1842 1786 1985 1850 Hujus
2012 1795 2269 1843 extremitas

474 1864 691 1928 temporis
705 1863 995 1911 diuturnitate
1010 1859 1207 1928 amplior
1223 1858 1412 1920 reddita,
1445 1857 1630 1905 chorion
1644 1855 1834 1919 exhibet,
1874 1859 1997 1926 quod
2012 1867 2160 1913 varias
2175 1862 2267 1915 for..

475 1951 572 1981 mas
587 1938 632 1996 C,
645 1939 704 1996 Ἰ),
721 1936 895 2002 induit,
932 1935 1115 1985 tandem
1128 1934 1294 1996 semen,
1331 1931 1402 1980 seu
1417 1935 1635 2000 primaeva
1659 1931 1879 2000 plantula,
1913 1933 2109 2004 abapice
2122 1944 2269 1991 amnii

471 2009 510 2054 E
538 2006 732 2075 affurgit,
763 2012 885 2074 cujus
901 2006 1101 2056 formaF
1113 2038 1126 2068 3
1169 2011 1216 2055 δι’
1231 2007 1455 2073 plerumq,
1479 2010 1660 2072 gemina
1675 2006 1801 2054 hiant
1829 2004 1952 2055 folia.
2022 2014 2270 2065 Succeffivo

470 2081 756 2128 incremento
789 2080 1003 2148 turgidius
1033 2081 1217 2128 amnion
1246 2081 1302 2139 G,
1342 2079 1536 2128 utriculis
1564 2077 1976 2147 conglomeratum,
2010 2082 2269 2151 plantulam

472 2145 739 2196 seminalem
761 2152 819 2198 H
827 2145 963 2211 fovet,
1000 2151 1121 2214 cujus
1142 2148 1266 2196 varia
1282 2143 1430 2196 forma
1443 2145 1505 2195 est
1519 2150 1555 2195 Ι.
1602 2145 1837 2196 Postremo
1862 2147 2124 2217 depascente
2136 2154 2266 2223 plan-

474 2222 516 2271 ta
547 2223 899 2285 Kambientem
930 2226 1070 2273 amnii
1097 2228 1134 2272 L
1165 2222 1419 2286 humorem,
1453 2221 1591 2271 chorii
1619 2225 1681 2272 M
1694 2220 1841 2270 moles
1879 2219 1966 2273 fere
1989 2222 2269 2280 obliteratur,

476 2297 612 2349 Varie
637 2296 741 2346 licet
773 2296 1070 2365 configuretur
1098 2300 1302 2359 amnion,
1334 2315 1424 2344 non
1449 2295 1550 2344 raro
1579 2311 1735 2345 tamen
1761 2292 1923 2361 species
1950 2296 2041 2347 haec
2075 2304 2138 2365 D(
2161 2322 2268 2355 cum

474 2370 689 2439 elongato
713 2370 932 2421 umbilico
951 2376 981 2420 0
1004 2374 1204 2419 occurrit.

542 2449 592 2492 In
620 2449 728 2494 lauro
751 2446 890 2494 iidem
908 2462 1143 2493 occurrunt
1170 2444 1377 2493 humores
1402 2445 1616 2504 concreti,
1648 2441 1778 2491 nullo
1802 2458 1955 2492 tamen
1968 2448 2266 2503 intercedente

477 2515 699 2565 umbilico
716 2523 823 2586 238.
890 2519 1106 2568 Tenellus
1128 2519 1278 2587 primo
1297 2519 1466 2567 eminet
1495 2515 1629 2583 stylus
1654 2522 1705 2580 A,
1740 2534 1835 2584 quo
1863 2536 2037 2586 apertO,
2072 2529 2266 2577 amnion

475 2593 518 2640 Β
551 2610 672 2659 patet
691 2635 703 2657 ,
729 2593 923 2642 utriculis
953 2594 1169 2653 constans,
1204 2593 1327 2662 quod
1345 2597 1390 2642 in
1403 2593 1558 2644 chorio
1574 2597 1619 2655 C,
1647 2592 1823 2641 sacculis
1842 2597 2005 2662 pariter
2031 2593 2159 2647 succo
2172 2615 2264 2652 tur-

472 2667 583 2734 gidis
600 2671 809 2731 excitato,
843 2667 1065 2736 ambitur3
1100 2670 1240 2716 amnii
1257 2665 1564 2717 summitatem
1589 2672 1848 2735 occupantis
1873 2667 2083 2736 plantulae
2112 2677 2264 2741 prima,

474 2738 632 2809 species
659 2741 721 2789 est
738 2746 808 2804 D,
846 2741 999 2790 senfin]
1018 2742 1206 2790 adaucto
1229 2759 1359 2792 utero
1381 2741 1627 2803 ambiente,
1661 2744 1848 2791 amnion
1862 2745 2081 2810 pariterE
2106 2760 2265 2812 tumet,

471 2823 520 2865 ὅ(
536 2815 741 2884 plantula
755 2819 945 2884 geminis
960 2814 1077 2864 foliis
1091 2818 1129 2864 F
1136 2817 1275 2864 craffis
1290 2819 1492 2876 excitata,
1509 2814 1844 2883 supercrescente
1857 2834 2042 2883 gemma
2057 2820 2096 2864 G
2109 2819 2261 2871 adole-,

474 2891 628 2953 scit,ita
642 2907 690 2939 ut
705 2890 861 2939 senfim
876 2890 1086 2940 exhausto
1100 2894 1240 2939 amnii
1255 2894 1313 2940 H
1322 2890 1509 2938 humore
1526 2892 1754 2940 successiva
1768 2895 1912 2959 capiat
1929 2893 2203 2944 incrementa
2225 2900 2262 2946 Ι.

542 2969 592 3013 In
607 2968 684 3015 lino
704 2986 793 3034 239
816 3007 829 3028 ,
863 2964 1052 3034 speciosa
1079 2982 1218 3033 quoq3
1238 2963 1299 3012 est
1332 2963 1550 3013 seminalis
1573 2965 1780 3032 plantulae
1794 2963 2028 3033 produffio
2043 2996 2056 3029 ,ι
2085 2970 2131 3015 in
2155 2987 2259 3018 cen-

476 3055 547 3088 tro
571 3044 694 3088 enim
710 3040 1071 3107 colliquamenti,
1085 3039 1155 3088 seu
1169 3038 1400 3108 peculiaris
1414 3041 1507 3100 ovi,
1523 3038 1710 3088 vesicula
1739 3046 1775 3092 A
1799 3040 1952 3108 primo
1970 3058 2133 3109 turget,
2157 3061 2259 3093 arn-

475 3116 584 3161 nion
605 3114 784 3176 scilicet,
811 3118 932 3181 cujus
962 3117 1292 3163 concavitatem
1319 3113 1522 3181 plantula
1545 3115 1604 3175 93,
1628 3110 1783 3163 sensim
1799 3112 2092 3177 manifestata,
2121 3133 2265 3168 tenet..

478 3189 837 3237 Circumlocatur
850 3188 1038 3237 chorion
1052 3191 1097 3250 C,
1133 3188 1331 3237 utriculis
1345 3185 1685 3255 conglobatum,
1716 3187 1840 3237 succo
1854 3188 2047 3256 turgidis.
2083 3191 2257 3240 Succes-

480 3256 577 3307 fivis
591 3267 841 3330 augmentis
869 3262 1066 3330 plantula
1089 3264 1132 3309 Ἰ)
1146 3260 1259 3309 binis
1275 3262 1455 3329 praedita
1468 3257 1629 3309 foliolis
1646 3262 1851 3310 humores
1864 3262 2070 3327 absumit,
2094 3270 2141 3312 δι
2159 3281 2256 3313 tan-

482 3331 606 3394 dem,
638 3337 759 3386 velut
769 3352 953 3405 peponum
973 3333 1139 3399 semen,
1165 3332 1369 3385 excrescit
1379 3339 1422 3383 in
1439 3332 1633 3383 formam
1651 3340 1704 3385 E.

543 3411 596 3456 In
623 3409 870 3474 leguminibus
882 3429 1046 3480 parum
1057 3411 1207 3460 deviat
1228 3409 1285 3459 ab
1310 3413 1495 3460 exaratis
1525 3412 1718 3473 Natura,
1746 3415 1791 3459 &
1813 3408 2028 3478 praecipue
2042 3412 2086 3455 in
2112 3407 2257 3461 sativo

478 3494 594 3538 cicere
613 3508 723 3553 240,
747 3495 864 3555 cujus
891 3507 1038 3542 uterus
1065 3496 1113 3554 A,
1148 3490 1340 3561 longiori
1368 3490 1566 3540 constans
1590 3490 1711 3553 tuba,
1745 3492 1921 3539 interius
1948 3486 2167 3536 seminum
2186 3491 2257 3538 ina-

477 3563 745 3615 choamenta
761 3562 851 3615 alit.
928 3568 1033 3614 Haec
1052 3567 1203 3632 primo
1232 3566 1388 3616 rudem
1417 3562 1649 3615 sortiuntur
1683 3564 1961 3628 formamss3
1996 3577 2159 3628 parum
2177 3565 2254 3613 ad·-

2110 3635 2243 3679 aucta
