2638 3926
347 196 420 254 30

1228 167 1319 228 De
1344 161 1524 251 §aazia

486 302 586 364 bile
626 300 706 373 D,
728 296 1074 369 attolluntur3
1117 302 1171 356 in
1200 300 1320 372 hoc,
1362 298 1524 358 menie
1552 297 1695 379 Junii
1728 301 1976 364 aureliam
2009 300 2303 381 candidam,

488 382 804 468 quandoque
843 385 1042 462 nigram
1082 379 1310 440 muscam
1347 382 1535 439 inveni.
1618 379 1819 446 Taliter
1853 385 2046 448 affeitae
2087 408 2305 471 gemmae

488 470 607 530 raro
624 472 942 552 aperiuntur,
966 488 1060 524 nec
1082 461 1262 524 surculi
1285 485 1426 546 apex
1451 463 1506 522 E
1530 462 1875 547 utplurimum
1896 475 2180 553 germinat5
2222 469 2306 532 sed

488 554 778 636 frequenter
804 547 971 609 mollis
1005 547 1167 633 lignea
1189 550 1375 634 portio
1401 544 1590 609 animal
1625 545 1877 623 ambienS,
1917 555 2126 616 ovalem
2147 555 2305 642 adep-

489 658 541 698 ta
585 636 810 695 formam
832 633 904 709 F,
949 639 1003 694 ὅ(
1038 634 1278 695 duritiem
1303 635 1334 693 a
1353 633 1550 718 reliquo
1585 634 1773 693 carinae
1792 632 1847 691 G
1872 631 2148 717 separatur,
2189 664 2306 724 quae

487 738 705 783 curvata
731 716 1041 779 contabescit
1066 743 1080 792 3
1122 718 1503 779 remanentibus
1525 717 1697 779 adhuc
1712 717 1922 779 caducis
1948 717 2157 797 foliolis,
2196 730 2311 806 qui-

490 808 585 867 bus
610 823 727 864 tota
750 801 1046 863 occluditur
1079 802 1333 863 exsiccata
1371 826 1585 882 gemma.
1672 801 1877 863 Trad'tu
1906 810 2157 887 temporis
2183 830 2309 871 con·

489 892 661 952 ditum
679 887 870 948 animal
885 890 1120 948 excitato
1141 886 1397 948 foramine
1419 883 1501 961 H,
1541 889 1683 948 viam
1706 887 1800 948 fibi
1821 889 1958 949 facit.

570 973 716 1035 Non
750 996 902 1045 unUS,
944 971 1028 1031 fied
1051 970 1356 1055 multiplices
1376 975 1533 1032 etiam
1554 988 1788 1033 tumores
1812 976 1867 1033 in
1890 997 2214 1058 gemmarum
2229 977 2325 1038 ca0'

487 1065 597 1121 rina
635 1082 745 1119 non
783 1059 900 1117 raro
948 1055 1318 1118 observantur:
1360 1053 1676 1140 quandoque
1707 1060 1913 1140 gemini,
1953 1065 2007 1121 ὅ(
2042 1060 2311 1124 interdum

489 1164 594 1205 tres
625 1161 980 1204 numerantur.
1068 1141 1153 1203 Ita
1181 1144 1237 1203 in
1262 1140 1512 1216 Qerc'us
1550 1163 1756 1224 gemma
1779 1141 1843 1224 (3
1861 1145 1934 1228 1.)
1951 1143 2134 1207 ablatis
2153 1144 2314 1208 folio—

488 1228 545 1290 lis
583 1231 808 1306 caduciS,
850 1231 1022 1287 carina
1048 1231 1102 1287 in
1138 1245 1242 1287 tres
1277 1225 1547 1311 inaequales
1576 1244 1811 1287 tumores
1842 1227 1892 1286 A
1918 1249 2239 1307 excreverat,
2278 1232 2313 1291 a

488 1315 679 1398 quibus
703 1311 886 1374 surculi
908 1334 1046 1396 apex
1073 1311 1143 1388 B,
1191 1318 1244 1373 ὅ(
1284 1311 1480 1372 caduca
1516 1309 1698 1373 foliola
1714 1314 1757 1373 C
1773 1313 2166 1396 promebantur.
2251 1314 2314 1376 In

488 1401 565 1461 his
590 1404 686 1460 tria
725 1401 917 1482 pariter
956 1395 1277 1458 fovebantur
1298 1395 1553 1470 animalia,
1594 1420 1708 1480 quae
1726 1397 1939 1458 tandem
1961 1404 2190 1460 excitato
2229 1398 2314 1460 fo-

487 1489 695 1560 ramine,
736 1482 876 1544 foras
908 1480 1207 1543 evolabant.
1294 1479 1622 1561 Huiusmodi
1668 1503 1879 1566 quoque
1914 1504 2129 1565 gemmae
2171 1483 2314 1548 nullo

487 1588 702 1654 recepto
725 1573 1044 1631 incremento
1062 1566 1463 1629 contabescunt:
1506 1565 1643 1626 unde
1663 1569 1718 1627 in
1738 1568 1893 1626 ramis
1928 1566 2034 1647 jam
2067 1566 2316 1651 elongatis

488 1679 722 1739 gemmae,
763 1677 880 1738 quae
914 1653 1071 1714 aridae
1096 1651 1456 1727 observantur,
1496 1650 1601 1711 fere
1622 1647 1815 1735 semper
1839 1650 2129 1733 hujusmodi
2175 1675 2316 1716 mor-

490 1742 621 1803 bosa
643 1740 911 1801 affectione
933 1755 1160 1799 tentatas
1182 1737 1329 1799 facile
1344 1737 1416 1798 est
1434 1738 1681 1797 invenire.

575 1825 766 1899 Gallae,
807 1846 922 1907 quae
949 1827 1126 1907 primo
1151 1846 1273 1884 vere
1293 1826 1347 1885 in
1361 1821 1677 1895 Quercubus
1713 1821 1938 1905 copiosae
1957 1821 2240 1900 luxuriant,
2265 1847 2316 1885 e-

488 1911 677 1971 andem
703 1908 996 1992 agnoscunt
1039 1907 1253 1972 caulam.
1337 1907 1418 1971 Et
1438 1910 1693 1991 quoniam
1729 1925 1838 1968 tam
1875 1907 2105 1985 alienam,
2146 1914 2201 1971 &
2227 1907 2315 1970 de-

491 1997 716 2057 formem
742 1995 774 2052 a
813 1997 1066 2076 primaeva
1103 1995 1299 2077 origine
1337 1993 1605 2078 postremo
1639 1991 1862 2053 induunt
1893 1990 2147 2076 speciem3
2189 1992 2315 2058 ideo

492 2080 820 2142 necessarium
843 2077 976 2138 duxi
998 2076 1223 2162 ipsarum
1254 2078 1660 2161 productionem
1681 2074 1839 2136 altius
1861 2079 2068 2153 rimari,
2115 2084 2169 2139 ὅ(
2198 2100 2317 2163 quae

494 2165 695 2250 saepiuS,
736 2186 796 2223 ac
834 2161 1018 2245 saepius
1044 2163 1190 2223 licuit
1229 2167 1493 2246 attingere,
1529 2160 1775 2222 brevibus
1796 2185 2025 2223 exarare.
2112 2163 2316 2245 Aprilis

493 2257 667 2333 itaque
682 2245 846 2308 mense
874 2251 925 2306 in
948 2245 1258 2329 quibusdam
1290 2249 1505 2330 gemmis
1536 2244 1851 2322 Quercuum
1878 2246 2034 2327 (32.)
2056 2263 2237 2306 tumor
2258 2245 2318 2305 A

497 2339 738 2395 minimus
763 2352 1016 2412 emergere
1053 2335 1267 2410 incipit,
1303 2330 1508 2387 caducis
1537 2328 1728 2387 foliolis
1753 2327 1803 2384 B
1825 2328 1996 2387 adhuc
2030 2328 2314 2389 circumda-

502 2438 612 2488 tus,
654 2422 706 2475 in
729 2418 874 2496 apice
893 2431 1065 2472 autem
1089 2412 1265 2471 iisdem
1296 2409 1429 2470 foliis
1468 2413 1648 2469 conica
1679 2409 1922 2491 congesta
1961 2413 2222 2494 congeries
2247 2417 2315 2491 C,

503 2500 562 2559 ea
584 2517 750 2581 parte,
791 2496 894 2579 qua
907 2515 1185 2569 tumorem,
1208 2492 1285 2554 seu
1312 2492 1597 2554 nascentem
1613 2491 1826 2552 Gallam
1841 2494 1899 2553 A
1914 2498 2313 2582 contangit,pu-

502 2586 654 2657 trida,
694 2588 747 2641 3<
774 2579 916 2640 erosa
933 2579 1168 2639 videtur:
1207 2578 1345 2639 unde
1366 2578 1606 2638 detraffis
1630 2575 1838 2637 caducis
1883 2600 2096 2661 gemmae
2120 2579 2315 2645 foliolis

505 2666 575 2742 B,
610 2664 777 2725 Gallae
800 2660 1074 2748 corpusD
1096 2663 1310 2725 liberum
1349 2664 1614 2734 occurrit,
1657 2679 1779 2720 tota
1825 2685 2047 2747 namque
2076 2671 2311 2745 materia,

504 2774 619 2835 quae
638 2756 688 2810 in
714 2749 892 2809 surculi
916 2752 1160 2822 carinam,
1203 2752 1255 2806 ὃ(
1279 2745 1405 2806 folia
1428 2744 1621 2806 abfiimi
1649 2744 1870 2807 debebat
1884 2773 1900 2821 3
1939 2752 1994 2809 in
2017 2747 2310 2829 hujusmodi

504 2858 693 2920 corpus
729 2832 902 2908 molle,
945 2838 997 2897 8<
1020 2829 1350 2914 spongiosum
1367 2829 1726 2914 conglobatur.
1817 2830 1950 2894 Hoc
1971 2855 2134 2894 unum
2161 2840 2313 2898 mira-

506 2921 605 2981 bile
626 2918 881 2982 interdum
905 2915 1196 2992 observavi,
1235 2921 1288 2976 ὃ(
1315 2918 1489 2976 amicis
1512 2918 1669 2976 etiam
1697 2914 1929 2992 ostendi,-
1971 2940 2204 2980 ovorum
2224 2921 2312 2983 sci-

506 3004 621 3065 licet
644 3003 907 3064 cumulum
930 3001 984 3060 E
1009 3000 1098 3061 sub
1124 3005 1268 3084 apice
1297 3001 1501 3061 lacerati
1537 2999 1718 3062 surculi
1737 3003 1782 3060 C
1803 3001 1977 3062 adhuc
1999 3007 2311 3072 exteriorem

510 3088 677 3148 Gallae
697 3088 1011 3170 superficiem
1028 3104 1216 3162 tenere,
1256 3109 1370 3170 quae
1392 3086 1573 3149 amiffo
1595 3086 1699 3168 jam
1720 3089 1947 3169 proprio
1960 3086 2176 3149 humore
2198 3113 2309 3151 non

510 3194 694 3255 parum
715 3171 964 3232 exficcata
980 3171 1394 3256 conspiciuntur:
1437 3171 1630 3233 horum
1656 3172 1847 3254 pariter
1859 3169 2058 3256 infignis
2080 3178 2233 3257 copia
2254 3174 2312 3233 F

510 3261 642 3316 circa
669 3254 826 3315 bafim
852 3259 985 3314 intra
1030 3257 1222 3318 caduca
1244 3280 1456 3340 gemmae
1479 3256 1661 3318 foliola
1690 3254 1742 3314 B
1767 3256 1994 3318 exterius
2027 3255 2196 3319 Gallae
2233 3260 2309 3319 ita

513 3341 734 3413 haerent,-
775 3358 834 3399 ut
851 3338 1079 3422 ipsorum
1107 3342 1275 3426 aliqua
1299 3343 1352 3402 G
1371 3341 1648 3404 exfiidante
1683 3342 1902 3403 humore
1942 3344 2169 3402 auctiora
2193 3344 2308 3405 red-

511 3426 642 3500 dita,
679 3427 731 3482 in
753 3446 979 3484 vermem
1003 3427 1341 3488 immutentur
1363 3454 1378 3503 3
1418 3427 1610 3509 reliqua
1632 3427 1757 3486 verb
1774 3425 1839 3484 H
1849 3424 2103 3486 remotius
2127 3446 2307 3489 extan-

511 3514 581 3569 tia
595 3508 804 3569 tandem
823 3506 1074 3568 marafino
1089 3512 1442 3573 conficiantur.
1527 3510 1707 3584 Quare
1729 3510 1850 3571 secta
1867 3530 1960 3592 per
1980 3508 2199 3594 longum
2217 3514 2304 3573 hu-

509 3592 728 3674 jusmodi
749 3592 930 3654 tenella
957 3591 1131 3669 Galla,
1172 3615 1240 3654 ex
1262 3595 1561 3657 rectitudine
1584 3617 1813 3656 ovorum
1833 3593 1980 3653 extra
2013 3593 2309 3657 locatorum·

2233 3678 2289 3736 F

2288 3731 2306 3755 2
