2600 3952
862 217 1172 284 QAnatome
1198 211 1549 281 Plantarum,
2206 231 2258 288 33

382 346 431 389 ln
444 342 563 389 cauda
576 343 707 407 equina
723 350 800 401 79,
828 331 1044 384 articulati
1062 329 1155 378 sunt
1179 335 1308 393 rami,
1337 329 1650 399 multiplicibus
1668 328 1993 396 emergentibus
2013 349 2093 377 no-

313 416 392 478 dis,
405 417 523 464 unde
541 413 635 463 folii
652 425 891 477 compages
920 406 1016 454 talis
1050 405 1111 453 est
1132 425 1141 453 ε
1177 409 1395 471 Qinque
1413 410 1562 473 itaque
1577 403 1748 454 constat
1777 405 2091 471 appendicibus

315 500 353 540 A
390 508 486 558 quae
501 491 706 555 exiguam
730 481 989 550 possidentes
1015 477 1316 540 latitudinem,
1342 479 1533 525 utriculis
1547 485 1593 526 &
1611 478 1726 527 fibris
1742 479 1782 526 Β
1799 483 2066 546 integrantur
2084 525 2096 544 ,

317 531 558 628 coloreque
574 553 906 626 pollentviridi.
975 551 1155 618 Singula
1180 548 1273 598 folii
1291 549 1529 618 appendix,
1557 568 1810 600 excurrente
1840 551 2029 614 surculo,
2046 553 2091 600 in

317 638 512 703 geminas
551 630 765 679 dividitur
795 642 936 697 partes
963 627 1020 687 C,
1063 638 1260 691 quarum
1292 625 1477 672 extremi
1508 641 1670 690 ungues
1701 622 1830 690 spinis
1864 628 1907 671 D
1940 631 2088 675 muni-

320 724 462 755 untur.

385 777 620 846 Infaeniculo
642 781 715 838 80,
728 774 834 823 licet
848 788 943 823 tota
957 774 1291 839 erumpentium
1306 788 1535 819 ramorum
1563 768 1705 818 moles
1722 770 1923 820 videatur
1939 769 2098 821 folium

320 851 854 912 constituere‚extremitas
868 862 1023 897 tamen
1037 848 1084 891 in
1101 844 1345 912 gracillima
1363 861 1549 911 corpora
1563 842 1699 892 soluta
1714 843 1990 909 desmens‚fol
1997 847 2103 912 iola,

321 924 393 976 vel
412 921 571 973 saltem
585 921 684 990 ipsis
706 921 912 988 analoga,
948 916 1179 968 aemulatur
1203 937 1213 965 :
1252 919 1360 965 Haec
1393 919 1418 965 a
1441 915 1647 965 lateribus
1660 920 1836 966 minora
1855 918 2022 987 profert
2036 919 2100 967 fo-

323 997 433 1046 liola
447 1002 484 1046 A
496 996 619 1064 quasi
633 1013 780 1043 ramos
794 1025 807 1061 3
843 1009 920 1061 per
944 988 1149 1039 medium
1179 990 1340 1038 horum
1367 989 1511 1057 lignea
1526 988 1694 1038 costula
1707 992 1763 1052 Β,
1778 990 1847 1039 seu
1858 991 2104 1042 fistularum

323 1077 372 1121 δι
389 1069 664 1118 trachearum
681 1065 1134 1128 fasciculus,excurrit;
1170 1062 1272 1110 hinc
1289 1063 1390 1111 inde
1404 1064 1556 1112 viridis
1568 1062 1770 1112 excrescit
1786 1067 1992 1133 quaedam
2006 1069 2096 1118 sub-

323 1145 481 1194 stantia
496 1145 540 1204 C,
551 1141 748 1190 utriculis
778 1152 1101 1208 coagmentata,
1122 1151 1222 1202 quae
1237 1134 1530 1202 cylindricum
1554 1155 1712 1205 corpus
1738 1138 1884 1203 efficit,
1911 1143 2031 1210 quod
2058 1147 2104 1191 in

325 1215 493 1283 stylum
511 1214 584 1262 seu
599 1210 774 1282 spinam
789 1216 832 1261 D
847 1210 1028 1270 desinit.-

393 1289 564 1338 Eadem
577 1286 801 1347 struitura,
831 1281 1104 1333 manifestior
1129 1299 1300 1345 tamen,
1326 1284 1517 1330 occurrit
1549 1286 1594 1331 in
1620 1283 1800 1352 asparago
1827 1288 1850 1334 8
1865 1300 1878 1333 ι
1888 1326 1901 1348 ,
1931 1287 1957 1334 a
1986 1291 2106 1354 cujus

327 1360 495 1410 tenello
508 1378 640 1410 ramo
650 1364 702 1421 A,
729 1356 998 1425 multiplicia
1011 1352 1121 1403 folia
1136 1357 1175 1403 Β
1190 1371 1449 1422 emergunt,-
1484 1354 1649 1404 horum
1677 1355 1824 1408 forma
1857 1359 1913 1408 ad
1930 1361 2110 1410 ovalem

328 1436 491 1499 tendit,
527 1432 826 1503 pervaduntur
858 1446 1113 1482 excurrente
1136 1425 1302 1478 fibroso
1316 1426 1519 1477 fasciculo
1533 1433 1578 1492 C,
1593 1431 1618 1478 a
1636 1447 1729 1497 quo
1744 1434 1920 1482 utriculi
1934 1438 1977 1482 D
2003 1453 2112 1502 pen-

328 1508 437 1557 dent
455 1526 466 1555 :
503 1511 683 1555 Horum
712 1523 825 1572 apex
861 1502 982 1572 spina
1004 1506 1042 1552 E
1083 1519 1280 1551 armatur
1302 1542 1315 1564 ,
1358 1502 1587 1568 reliquum
1627 1505 1738 1553 vero
1768 1505 1946 1574 papillis
1979 1509 2016 1554 F
2037 1527 2111 1555 or-

330 1598 474 1630 natur.

395 1658 447 1703 In
461 1655 562 1703 ‘Pina
582 1658 604 1703 8
615 1673 638 1704 2
654 1652 891 1720 oblongius
903 1650 966 1699 est
979 1649 1139 1699 folium
1154 1681 1166 1716 3
1198 1651 1378 1717 gemina
1396 1663 1548 1696 autem
1562 1666 1802 1717 erumpunt
1814 1658 1866 1715 A,
1878 1655 1902 1701 a
1924 1653 2114 1723 surculo,
2127 1664 2175 1713 T
2178 1682 2255 1713 AB,
2276 1686 2287 1715 1
2303 1667 2345 1715 6,

327 1732 398 1778 cui
412 1729 556 1779 adhuc
565 1729 731 1779 haerent
746 1745 939 1796 gemmae
954 1722 1110 1773 foliola
1125 1726 1165 1771 Β
1181 1755 1195 1786 3
1228 1724 1319 1772 haec
1331 1740 1491 1790 parum
1506 1720 1613 1787 lata,
1626 1726 1837 1775 interiora
1850 1729 2000 1777 versus
2011 1747 2115 1778 con-

329 1819 443 1851 cava
458 1799 570 1863 sunt,
585 1808 632 1850 &
652 1804 695 1849 in
712 1817 860 1867 ungue
871 1794 1011 1865 spinas
1028 1799 1059 1844 C
1068 1811 1293 1863 promunt.

398 1878 448 1920 In
462 1873 674 1921 camomillae
690 1876 744 1932 83
778 1869 905 1931 folio,
926 1873 1044 1916 circa
1059 1882 1363 1916 excurrentem
1393 1868 1648 1921 fasciculum
1658 1878 1709 1935 A,
1739 1877 1889 1942 exigug
1901 1878 2117 1926 utriculo-

329 1962 435 1994 mm
446 1943 592 1993 moles
606 1945 647 1994 Β
661 1943 764 1992 hinc
778 1942 883 1990 inde
897 1940 1161 2010 pendent,ut
1172 1939 1298 2010 quasi
1309 1937 1467 1991 foliola
1479 1943 1554 1993 vel
1568 1947 1833 2012 appendices
1850 1951 1882 1995 C
1891 1948 2117 2017 designen-

331 2034 415 2067 tur.
482 2017 693 2068 Eundem
705 2013 978 2086 progressum
991 2016 1211 2066 miramur
1226 2017 1272 2063 in
1286 2012 1494 2080 absynthio.

398 2094 452 2139 In
460 2093 654 2159 pastinaca
667 2093 832 2138 erratica
849 2092 927 2150 84,
939 2084 1119 2145 folium,
1142 2086 1268 2150 quod
1288 2085 1382 2132 lato
1396 2103 1552 2134 exortu
1566 2096 1605 2137 A
1613 2089 1871 2139 alternatim
1882 2098 2121 2159 promitur,

332 2162 479 2233 plures
503 2168 551 2212 in
575 2160 782 2231 pediculo
809 2162 1007 2209 continet
1018 2157 1236 2207 fibrarum
1251 2156 1436 2206 costulas
1457 2156 1515 2222 Β,
1546 2178 1640 2233 quae
1654 2164 1702 2208 in
1716 2164 1839 2211 nodo
1856 2168 1889 2212 C
1897 2169 2028 2215 unitae
2054 2169 2122 2221 di-

334 2239 479 2286 versas
497 2235 763 2304 appendices
775 2233 852 2282 vel
874 2250 994 2282 nova
1018 2229 1143 2298 quasi
1156 2226 1264 2278 folia
1278 2233 1322 2279 D
1336 2235 1545 2296 excitant,
1573 2237 1728 2302 exigua
1743 2237 2035 2287 utriculomm
2049 2242 2121 2289 sti,

333 2327 440 2379 pata
462 2326 697 2377 compage.
1686 2380 1688 2382 ι

399 2389 451 2434 In
463 2387 621 2434 cichorio
635 2381 823 2448 &fimcbo
840 2385 864 2429 8
876 2383 1037 2446 5,circa
1048 2394 1359 2428 excurrentem
1373 2377 1587 2430 fibrarum
1603 2382 1822 2434 costulam
1839 2393 1888 2449 A,
1903 2388 2117 2437 utriculo-

335 2476 439 2508 1um
446 2459 670 2527 portiones
681 2455 901 2517 locantur,
925 2452 1047 2502 unde
1061 2471 1223 2522 parum
1241 2452 1390 2503 laxata
1404 2453 1500 2503 folii
1531 2452 1766 2507 substantia
1779 2460 1820 2507 Β
1836 2462 2119 2528 appenditur,

334 2547 434 2600 quae
460 2525 623 2581 fibroso
649 2531 730 2577 reti
759 2529 791 2575 C
808 2529 1024 2594 irrigatur.
1092 2524 1322 2575 fibrarum
1349 2543 1528 2596 quoque
1559 2533 1673 2578 rami
1701 2535 1748 2579 D
1772 2531 1988 2601 elongatis
2012 2538 2120 2584 utri-

335 2603 542 2652 culorum
587 2599 773 2650 seriebus
811 2599 1068 2649 ambiuntur
1083 2630 1095 2666 3
1142 2599 1260 2647 unde
1302 2602 1450 2648 minus
1491 2598 1713 2668 profunda
1753 2604 1850 2655 sunt
1875 2611 2121 2677 intercepta

338 2672 489 2744 spatia.

405 2747 579 2811 Qercus
592 2751 641 2795 &
648 2743 878 2813 filipendulae
904 2747 928 2793 8
937 2745 965 2793 6
978 2739 1157 2804 folium,
1169 2742 1385 2812 elongatis
1407 2747 1432 2794 a
1445 2744 1621 2795 costulis
1632 2754 1672 2798 A
1682 2752 1976 2803 utriculorum
2002 2754 2122 2803 ordi„

338 2819 485 2884 nibus,
508 2819 703 2889 amplius
714 2817 924 2883 redditur,
938 2826 986 2869 &
999 2817 1233 2868 substantia
1245 2823 1336 2886 ejus
1350 2822 1500 2870 minus
1528 2821 1734 2875 laciniata
1749 2826 1804 2874 Β.
1874 2832 1922 2876 In
1937 2834 2051 2896 piris,
2063 2845 2130 2895 po,

339 2901 427 2960 mis,
438 2902 488 2946 &
498 2914 615 2965 pene
627 2896 891 2956 innumeris,
905 2899 970 2945 ita
983 2898 1195 2945 continua
1215 2895 1408 2945 redditur
1423 2893 1517 2946 folii
1536 2898 1741 2964 latitudo,
1754 2920 1802 2951 ut
1814 2906 2015 2953 minimae
2031 2921 2124 2955 tan.

342 2984 442 3017 tum
455 2966 663 3037 supersint
680 2965 890 3017 incisurae.

409 3043 555 3107 Hujus
579 3040 775 3109 speciem
798 3043 1017 3089 miramur
1038 3044 1085 3089 in
1102 3043 1195 3110 rofis
1226 3046 1304 3105 87,
1344 3061 1536 3111 quarum
1562 3046 1714 3095 media
1725 3046 1947 3099 costulaA
1973 3068 2125 3100 ramos

343 3114 385 3161 Β
399 3118 584 3182 promit,
597 3113 676 3163 fibi
691 3118 888 3164 invicem
903 3132 1175 3165 occurrentes
1191 3148 1204 3179 5
1237 3121 1426 3167 exterior
1439 3120 1550 3168 vero
1567 3124 1723 3188 unguis
1750 3125 1951 3171 minimis
1964 3124 2123 3174 incisu-

342 3189 400 3235 ris
425 3190 459 3235 C
469 3184 745 3256 exasperatur
760 3227 775 3251 ‚
807 3191 868 3237 ita
884 3206 932 3236 ut
945 3186 1121 3238 serratus
1133 3188 1222 3238 fiat.

413 3263 462 3307 In
475 3264 563 3309 mali
577 3262 723 3310 medicae
751 3267 799 3311 &
815 3261 970 3311 limoniae
987 3266 1044 3311 88
1068 3261 1197 3326 foliis,
1220 3265 1513 3314 minimarum
1526 3285 1761 3317 crenarum
1786 3269 1969 3339 vestigia
1983 3272 2126 3340 super—

344 3331 468 3400 sunt3
502 3337 694 3382 exterior
719 3349 915 3400 namque
942 3340 1146 3404 unguisA
1163 3338 1297 3386 Zona
1320 3339 1443 3406 quasi
1475 3341 1693 3407 diaphanfi
1720 3341 1945 3410 ambitur,
1978 3353 2026 3397 &
2048 3346 2130 3396 fre-

352 3422 573 3475 quentem
588 3411 753 3477 patitur
775 3405 1009 3460 incisuram
1023 3412 1080 3473 Β,
1096 3414 1166 3459 cui
1181 3414 1388 3478 proxima
1401 3413 1770 3483 adstat,perpetuo
1785 3415 2128 3487 conspicua‚olei

345 3478 635 3544 veficula,seu
651 3480 857 3530 utriculus
872 3485 904 3532 C
915 3514 927 3547 3
961 3482 1086 3534 huius
1105 3483 1356 3533 consimiles
1381 3488 1424 3533 D
1453 3488 1795 3557 quamplurimi,
1831 3489 1924 3540 folii
1941 3491 2131 3542 latitudi-

348 3562 455 3595 nem
469 3564 701 3618 occupant.

2138 2770 2350 2827 Tris-¹7-

1361 3629 1396 3675 Ρ
2086 3637 2133 3683 In
