2600 3952
741 186 1077 255 QAnatomes
1103 183 1431 252 [plancarum
1468 189 1672 254 Idem.
2238 222 2297 277 13

370 313 627 375 involucriS,
646 307 989 378 conglobantur,
1014 322 1112 371 quae
1128 302 1335 354 fasciculis
1349 309 1505 376 ligneis
1534 309 1817 360 reticulariter
1843 314 1976 359 unitis
1993 317 2039 360 &
2060 330 2142 362 tra-

366 388 526 438 cheam
547 383 843 437 ambientibus
870 379 1066 427 ditantur
1085 417 1099 440 ,
1131 379 1157 426 a
1189 379 1348 446 quibus
1371 384 1659 435 utriculorum
1684 384 1951 453 multiplices
1973 386 2146 437 ordines

367 465 626 531 pendentes,
647 459 838 528 ipsarum
864 453 1088 502 ambitum
1107 454 1405 523 constituunt3
1438 457 1635 526 elongati
1660 463 1768 511 vero
1793 460 1970 511 inferius
1996 462 2143 514 fibrofi

368 534 572 597 fasciculi,
588 534 697 581 dum
714 546 874 599 pamm
890 528 1192 597 implicantur,
1223 530 1380 578 radicis
1403 547 1605 579 centrum
1619 532 1837 602 efficiunt3
1872 537 2054 588 ulterifis
2077 556 2144 588 ta-

367 631 473 661 men
488 609 691 679 produciti
705 606 790 655 una
815 623 920 653 cum
935 603 1234 653 ambientibus
1250 604 1444 668 sacculis,
1456 605 1622 654 radices
1648 612 1696 658 &
1710 609 2020 675 capillamenta
2035 634 2142 664 con-

365 687 560 734 stituunt.
628 681 926 749 Reliquorum
942 696 1122 748 quoque
1152 680 1410 731 bulbaceorum
1436 677 1650 748 quasdam
1668 699 1923 749 proponam
1945 688 2142 756 cons-Igu-

363 755 783 826 rationes,praecipue
796 769 989 820 raparum,
1003 754 1176 818 raphani,
1192 754 1358 818 brioniae,
1372 761 1420 804 &
1436 754 1624 803 aliarum
1638 755 1907 822 plantarum.
1973 763 2054 808 His
2067 764 2144 811 ad-

363 832 470 882 dam
485 836 630 880 icones
643 829 850 879 tuberum
863 835 912 879 &
925 827 1205 898 quorundam
1218 827 1432 878 foliorum
1447 869 1461 892 ,
1487 845 1583 897 quae
1598 827 1724 877 humi
1741 829 1946 881 haerentia
1962 833 1987 881 a
2001 834 2144 884 costu-

361 908 414 959 lis
438 904 650 955 radiculas
671 919 900 972 promunt.

425 978 663 1030 Coronidis
676 978 779 1027 loco
791 976 1049 1027 addendum
1075 975 1178 1024 effet
1195 974 1362 1044 aliquid
1374 974 1429 1023 de
1433 978 1653 1042 plantarum
1674 980 1908 1042 Oeconomia,
1929 978 2141 1048 ipsarum-

359 1070 447 1124 que
454 1058 623 1120 partium
634 1050 734 1120 usu,
746 1057 794 1100 δι
805 1052 970 1099 alimenti
981 1047 1197 1116 praecipue
1213 1049 1301 1097 Via.
1366 1051 1430 1097 At
1442 1052 1660 1116 quoniam
1674 1049 1822 1099 multae
1836 1050 1942 1100 aleae
1955 1052 2143 1120 plenum

359 1143 469 1197 opus
480 1127 560 1192 est,
585 1126 646 1175 ob
669 1128 918 1193 aequivocas
952 1128 1000 1171 &
1016 1117 1104 1171 fere
1123 1120 1408 1191 impoffibiles
1428 1120 1782 1188 observationes,
1816 1125 1919 1174 ideo
1935 1128 2144 1194 quaedam

358 1218 536 1252 tantum
571 1217 824 1271 proponam
842 1239 856 1262 ,
886 1214 936 1246 ut
962 1200 1249 1245 accuratiores
1277 1201 1326 1245 &
1352 1199 1673 1246 exercitatiores
1698 1197 1886 1247 meliora
1916 1217 2142 1266 promant.

356 1277 516 1326 Primo
538 1278 671 1343 igitur
681 1290 852 1323 certum
878 1270 960 1320 effe
988 1289 1044 1320 ex
1056 1270 1183 1320 dictis
1200 1270 1426 1334 inducam,
1439 1270 1567 1340 plura
1581 1269 1664 1320 esse
1687 1275 1733 1320 in
1751 1271 1910 1340 plantis
1924 1273 2043 1337 vala,
2070 1273 2143 1324 seu

356 1348 534 1399 fistulas.
602 1352 653 1397 In
669 1351 811 1398 Cortice
827 1350 950 1396 enirn
973 1342 1170 1414 copiosas
1184 1343 1267 1394 esse
1280 1344 1427 1409 fibraS,
1451 1343 1659 1395 vasorum
1681 1349 1727 1395 in
1742 1346 1934 1396 modum
1945 1344 2141 1416 perfora-

358 1442 440 1490 tas,
452 1445 508 1476 ex
518 1426 644 1478 distis
656 1441 792 1494 patet.
826 1428 992 1493 Lignum
1004 1426 1168 1492 pariter
1183 1421 1300 1471 fibris
1314 1426 1637 1490 coagmentari,
1647 1439 1838 1490 quarum
1854 1423 1962 1472 alias
1991 1424 2141 1493 spirali

357 1503 493 1552 Zona
511 1504 728 1569 componi
745 1500 956 1561 diximus,
972 1498 1080 1547 alias
1095 1498 1205 1547 vero
1215 1495 1337 1563 quasi
1348 1493 1566 1543 hiantibus
1592 1495 1799 1544 orbiculis
1812 1497 1999 1546 conflari
2025 1516 2139 1549 retu-

353 1574 490 1623 limus
509 1593 520 1621 :
558 1579 614 1622 Et
626 1572 853 1639 postremo
866 1568 1052 1636 speciale
1067 1570 1113 1618 V
1104 1586 1163 1630 M,
1175 1583 1269 1634 quo
1282 1567 1351 1614 lac
1364 1566 1440 1615 vel
1454 1566 1591 1615 resina
1605 1565 1814 1617 fimditur.

421 1645 626 1696 Dubium
637 1661 791 1693 tamen
805 1641 931 1691 illico
945 1655 1159 1702 occurret,
1174 1657 1232 1687 an
1252 1637 1449 1707 ejusdem
1465 1655 1645 1703 naturae,
1670 1645 1717 1688 &
1734 1644 1781 1688 in
1794 1642 1987 1690 eundem
2001 1642 2141 1692 finem

351 1719 596 1771 fabrefactae
638 1721 722 1770 fint
758 1718 879 1769 fibrae
914 1722 1059 1768 corticis
1074 1757 1086 1779 ‚
1124 1723 1170 1765 &
1198 1717 1306 1784 ligni.
1372 1713 1631 1764 Herbarum
1665 1717 1779 1767 vero
1823 1722 1873 1766 δι
1898 1714 2141 1768 ferulaceo-

352 1814 456 1847 rum
483 1797 648 1864 indago
682 1793 824 1862 easdem
850 1793 934 1843 esse
972 1791 1266 1861 probabiliter
1300 1790 1542 1854 indicabit,
1574 1793 1683 1842 cum
1714 1799 1763 1842 δι
1788 1797 1962 1842 corticis
1987 1794 2110 1845 fibrae
2126 1838 2141 1860 ,

350 1872 551 1921 duriores
588 1868 768 1919 redditae
786 1910 800 1932 ,
838 1870 886 1916 in
925 1867 1102 1935 lignum
1137 1880 1383 1916 vertantur.
1459 1870 1649 1915 Certum
1688 1870 1774 1915 erit
1791 1908 1804 1930 ,
1846 1882 2004 1936 utraque
2035 1869 2141 1919 vasa

349 1948 592 1997 humorem
619 1942 827 2012 fundere,
870 1942 993 2012 quod
1026 1961 1083 1992 ex
1118 1940 1246 2012 ipfius
1281 1944 1514 2012 eruptione
1549 1958 1684 2011 patet.
1750 1947 1941 1993 Certum
1979 1949 2141 2012 pariter

351 2020 584 2070 ostendam
600 2062 615 2083 ,
638 2018 878 2086 inplantis
892 2017 1141 2085 plurimum
1156 2020 1270 2066 ‚aeris
1297 2020 1527 2079 contineri,
1556 2034 1613 2065 eo
1634 2016 1762 2085 quod
1782 2014 1902 2066 sestae
1921 2017 1999 2066 sub
2023 2037 2139 2088 aqua

351 2092 551 2141 multum
583 2095 694 2141 aeris
726 2089 931 2152 reddant,
960 2096 1009 2138 &
1034 2093 1082 2137 in
1105 2088 1202 2157 ipfis
1226 2087 1407 2152 fistulae,
1433 2089 1676 2157 persimiles
1710 2089 1999 2157 pulmonibus
2026 2093 2138 2141 inse-

352 2170 547 2228 ἂοῐιιῐῐι,
567 2165 710 2213 insint.
778 2162 983 2211 Dubium
1010 2168 1109 2222 erit,
1141 2180 1201 2208 an
1218 2161 1275 2209 ab
1287 2165 1389 2208 imis
1403 2168 1451 2209 &
1474 2165 1680 2207 extremis
1701 2161 1917 2208 radicibus
1933 2179 2007 2209 aer
2029 2164 2138 2213 hau-

352 2245 504 2303 riatur,
517 2259 574 2288 an
589 2242 697 2289 vero
712 2240 737 2286 a
753 2235 1043 2303 superioribus
1069 2234 1246 2296 finibuS,
1262 2250 1448 2282 externo
1462 2252 1568 2281 cum
1584 2251 1685 2280 aere
1710 2239 2039 2283 commercium
2059 2238 2138 2288 ha-

350 2313 551 2362 bentibus
573 2324 587 2360 ἓ
622 2313 858 2373 Qoniam
879 2323 1034 2354 tamen
1058 2305 1232 2372 spitales
1257 2302 1427 2365 fistulae,
1450 2301 1523 2351 seu
1539 2305 1740 2367 tracheae,
1772 2306 1936 2354 radices
1957 2314 2135 2377 copiose

347 2399 643 2454 componunt,
663 2389 711 2432 &
727 2387 801 2430 aet
813 2376 983 2428 facilius
1008 2375 1173 2426 sursum
1193 2375 1372 2444 pellitur
1388 2417 1401 2440 ,
1427 2373 1642 2445 suumque
1663 2382 1802 2427 exerit
1822 2397 1932 2448 opus
1947 2388 1993 2430 &
2008 2402 2135 2434 ener-

347 2464 489 2528 giam,
521 2457 624 2508 ideo
644 2473 795 2504 aerem
816 2459 865 2503 &
884 2452 1041 2502 halitus
1056 2451 1112 2500 ab
1128 2456 1224 2500 imo
1236 2467 1359 2500 terrae
1373 2449 1531 2499 deduci
1545 2450 1852 2519 probabilibus
1879 2454 2102 2507 indicabo.

412 2532 655 2582 Evidenter
667 2532 807 2578 etiam
820 2524 1041 2576 observari
1069 2523 1260 2587 succum,
1283 2523 1427 2573 modo
1438 2523 1562 2573 lastis
1575 2523 1651 2573 sub
1667 2524 1822 2593 specie,
1836 2527 1979 2577 modo
2002 2547 2133 2597 gurn-

345 2610 432 2669 mi,
445 2605 589 2654 modo
600 2600 916 2662 terebinthinae,
942 2617 1046 2648 cum
1067 2602 1248 2667 proprio
1262 2595 1442 2647 vasculo
1458 2596 1690 2646 ostendam
1705 2631 1717 2666 3
1753 2599 1857 2648 inde
1865 2606 2134 2669 conjectans,

346 2681 394 2727 in
424 2677 601 2746 lingulis
623 2673 924 2743 vegetantibus
947 2671 1220 2741 peculiarem
1233 2668 1373 2720 adeffe
1398 2667 1572 2719 succum
1585 2676 1769 2740 proprio
1783 2671 1886 2722 vase
1914 2673 2132 2735 delatum,

409 2755 541 2803 Circa
553 2764 693 2800 motum
706 2764 859 2798 autem
874 2764 1155 2797 exaratorum
1171 2747 1430 2810 humorum,
1456 2744 1739 2815 ipsorumque
1764 2752 1995 2813 terminos,
2016 2752 2130 2802 illud

343 2846 513 2879 certum
527 2828 611 2878 effe
624 2824 878 2890 referam,in
892 2823 1087 2893 pluribus
1103 2827 1280 2890 inverti,
1299 2841 1404 2871 cum
1418 2821 1603 2872 surculus
1617 2829 1663 2872 in
1669 2824 2026 2891 ficu,prnnis,rubo,
2039 2845 2131 2900 wc,

344 2905 377 2955 fi
398 2904 475 2955 sub
497 2923 609 2955 terra
622 2902 854 2964 condatur,
873 2900 1107 2969 graciliore
1121 2902 1400 2950 extremitate
1412 2899 1575 2948 radices
1591 2905 1835 2967 promat,&
1846 2904 1891 2949 in
1905 2901 2130 2973 arborem,

344 2982 494 3031 minus
504 2997 658 3030 tamen
671 2995 922 3048 proceram,
934 2972 1171 3043 excrescat3
1205 2975 1322 3023 unde
1337 2974 1541 3023 alimenti
1552 2979 1627 3023 via
1638 2979 1881 3023 invertitur,

408 3055 680 3106 Evidentem
701 3054 866 3121 pariter
894 3050 975 3100 effe
989 3068 1244 3120 proponam
1259 3053 1372 3097 inter
1386 3048 1590 3097 alimenti
1606 3047 1782 3098 vascula
1796 3064 2003 3099 mutuam
2031 3071 2125 3101 ana-

331 3132 514 3197 stomofin
529 3173 544 3196 ,
570 3135 632 3180 ita
657 3145 705 3178 ut
718 3126 968 3196 obliquatus
987 3130 1124 3176 etiam
1152 3125 1357 3175 reddatur
1378 3120 1488 3172 succi
1501 3123 1713 3188 transitus,
1747 3142 1827 3174 nec
1841 3144 1920 3194 per
1933 3127 2126 3177 eundem

343 3205 552 3255 tubulum
586 3209 759 3255 testum
791 3203 1004 3272 perpetuo
1029 3200 1203 3252 feratur.
1270 3203 1370 3249 Hoc
1385 3217 1506 3269 patet
1539 3204 1585 3249 in
1613 3199 1808 3261 laceratis
1838 3201 2011 3251 costulis
2025 3208 2125 3273 qui-

340 3278 529 3333 busdam
551 3277 764 3329 foliorum
786 3277 999 3340 cucurbitae,
1022 3280 1214 3339 limonum,
1228 3288 1317 3327 (rc.
1354 3278 1400 3323 in
1420 3273 1579 3342 quibus
1603 3274 1802 3338 ulterior,
1826 3273 2034 3325 edirecto
2046 3278 2121 3325 de-

340 3357 639 3407 truncatarum
667 3356 912 3406 fistularum
932 3353 1094 3418 locata,
1108 3352 1338 3403 substantia
1353 3370 1549 3421 augetur,
1579 3359 1626 3402 δι
1641 3355 1773 3415 vivit,
1785 3357 2123 3403 communicato

341 3436 366 3483 ὲ
387 3433 640 3484 lateralibus
662 3431 817 3481 fistulis
841 3430 1072 3480 alimento.
1138 3434 1264 3479 Hanc
1278 3428 1541 3497 positionem
1557 3428 1743 3478 illustrat
1758 3431 1998 3481 reticulatis
2021 3430 2118 3500 ple-

341 3526 418 3558 xus
429 3508 636 3559 vasorum
650 3514 696 3559 in
711 3505 840 3572 foliis,
853 3506 1015 3571 bulbis,
1034 3511 1214 3568 cortice,
1226 3512 1274 3554 δι
1294 3504 1443 3574 lignea
1452 3510 1671 3574 portione.

406 3585 638 3637 Constabit
658 3588 821 3655 pariter
841 3601 918 3652 per
943 3582 1109 3651 ligneas
1138 3580 1296 3631 fistulas
1315 3622 1329 3646 ,
1357 3587 1405 3628 &
1429 3580 1674 3647 corticales,
1708 3583 1945 3633 humorem
1969 3580 2116 3630 versus

1375 3659 1413 3706 E
1972 3671 2122 3702 ramos
