2600 3952
924 189 1352 249 MARCELtr
1397 187 1862 248 MALPIGHII

505 316 630 365 stulis
663 321 726 375 E,
785 310 946 359 mutuo
994 306 1218 372 implicitis
1236 348 1250 371 ,
1298 307 1554 377 completur
1571 350 1586 373 ,
1637 309 1900 379 interpositis
1946 313 2149 360 minimis
2197 332 2285 365 tra,

506 390 626 437 cheis
652 390 697 434 F.

571 455 839 520 ulmi,cerafi,
864 456 975 515 mori,
1005 458 1052 502 ὃς
1069 451 1302 519 similium,
1332 457 1510 526 elegans
1532 461 1695 526 pariter
1708 458 1770 508 est
1800 460 1911 528 ligni
1935 473 2212 520 contextura,
2238 466 2288 509 &

501 529 617 580 forte
648 529 793 578 minus
829 525 1041 590 obscura,
1082 528 1143 577 ob
1174 531 1382 581 colorum
1423 535 1700 597 varietatem,
1724 553 1807 602 que}
1839 537 1883 583 in
1923 532 2286 590 transversalibus

499 601 692 650 utriculis
720 600 930 650 luxuriat.
985 605 1150 651 Parem
1178 602 1351 670 insuper
1379 605 1645 655 strudkuram
1674 610 1719 655 in
1748 610 1873 657 Indico
1900 610 1999 677 ligno
2028 627 2105 671 24,
2146 607 2289 675 vulgo

499 689 646 741 campeg
644 678 728 741 gio,
754 675 1171 737 animadvertimus,
1202 681 1322 741 cujus
1337 681 1606 727 exteriorem
1621 678 1897 747 superficiem
1914 681 2019 739 fibre
2035 697 2289 757 excurrunt,

499 754 546 796 δι
564 765 740 804 curvate
755 764 883 797 areas
899 750 1110 806 excitant,
1139 763 1221 812 que
1250 748 1546 798 utriculorum
1572 752 1731 800 diversi
1747 753 1908 802 coloris
1934 754 2293 808 horizontalibus

498 816 637 868 fasciis
652 821 963 887 pervaduntur.
1033 817 1158 866 Idem
1172 818 1346 886 lignum
1376 823 1804 889 perpendiculariter
1837 827 2033 891 sectum,
2060 835 2108 877 ἃ.
2128 829 2290 880 lustra-

498 911 597 942 tum
613 932 626 953 ,
662 891 961 959 utplurimum
988 907 1152 957 parum
1180 891 1436 942 absimilem
1463 894 1522 943 ab
1549 915 1736 947 exarato
1764 902 1892 948 icone
1921 900 2116 969 speciem
2141 899 2292 960 refert,

499 966 709 1015 Trachea
735 971 772 1015 A
796 964 966 1034 insignis
993 965 1324 1032 magnitudinis,
1351 966 1382 1015 fi
1398 964 1517 1018 fibris
1543 988 1843 1037 comparetur,
1873 974 1997 1023 illico
2022 993 2177 1043 patet3
2211 976 2287 1032 hege

499 1036 701 1088 tubulosa
716 1038 795 1102 est,
809 1037 1026 1107 solitaque
1052 1042 1242 1090 excitata
1261 1043 1375 1090 zona
1404 1059 1668 1110 argenteum
1693 1042 1825 1094 refert
1841 1047 2067 1112 colorem,
2099 1046 2294 1118 &sqnaff

503 1112 634 1161 mulis
651 1115 966 1181 compaginari
979 1111 1169 1163 videtur.
1216 1117 1463 1166 Succedunt
1477 1117 1616 1184 lignee
1629 1115 1766 1173 fistule
1793 1120 1832 1166 Β
1861 1120 2087 1171 rubicundi
2110 1122 2291 1194 coloris,

500 1206 583 1256 que(²
607 1195 656 1238 δι
685 1186 783 1256 ipsae
815 1186 1092 1239 subrotundis
1116 1189 1324 1239 orbiculis
1361 1209 1716 1259 componuntur,
1752 1198 1800 1240 δι
1832 1191 2011 1261 oblique
2034 1195 2189 1259 duerae,
2207 1215 2288 1245 va-

502 1263 561 1310 rie
584 1261 883 1311 horizontales
917 1264 1214 1314 utriculorum
1239 1264 1419 1316 ordines
1445 1268 1491 1329 C,
1505 1265 1730 1335 glutinoso
1757 1264 1882 1316 succo
1906 1266 2104 1332 refertos,
2119 1267 2293 1338 supere-

501 1353 688 1403 quitant.

564 1411 708 1459 Abiecia
722 1418 769 1462 &
785 1413 982 1485 Cupressas
996 1415 1188 1484 lignum,
1215 1416 1276 1465 ob
1291 1415 1468 1467 suarum
1496 1415 1821 1485 particularum
1837 1417 2128 1484 exiguitatem
2151 1424 2199 1467 &
2225 1417 2294 1467 lu-

499 1483 744 1550 ciditatem,
773 1486 1033 1547 difficillime
1047 1490 1110 1540 est
1126 1492 1372 1561 indaginis3
1406 1510 1539 1562 prout
1568 1509 1723 1541 tamen
1751 1490 2010 1541 subobscure
2023 1489 2136 1540 mihi
2151 1509 2308 1542 emer-¹

498 1556 562 1623 fit,
590 1559 716 1628 hujus
742 1562 935 1613 exhibeo
963 1564 1214 1614 iconismos,
1283 1566 1372 1615 Sub
1402 1569 1566 1615 cortice
1586 1583 1642 1630 25
1673 1583 1906 1615 occurrens
1935 1565 2126 1634 lignum,
2140 1563 2296 1620 fistulis

498 1639 547 1695 A,
574 1651 685 1702 quas
696 1635 993 1703 probabiliter
1008 1639 1207 1689 tracheas
1223 1637 1305 1688 effe
1329 1637 1498 1702 censeo,
1524 1637 1764 1707 gracilibus
1793 1641 2107 1706 componitur3
2141 1638 2207 1688 hae
2222 1658 2296 1689 ar-

497 1713 667 1775 genteis
684 1709 912 1760 laminulis
925 1728 1156 1777 contextae,
1181 1715 1205 1762 a
1220 1714 1430 1762 lateribus
1457 1712 1746 1762 subrotundos
1770 1716 1985 1762 emittunt
2014 1729 2215 1762 tumores
2236 1715 2297 1775 ΓΒ,

498 1785 620 1832 Hinc
632 1783 737 1832 inde
752 1780 898 1852 lignea
912 1789 1058 1854 portio
1083 1790 1115 1834 C
1126 1786 1315 1850 locatur,
1346 1804 1427 1855 qur²
1443 1785 1688 1836 identidem
1702 1802 1902 1847 curvata,
1915 1784 2154 1853 angulares
2172 1804 2296 1841 areas

496 1859 558 1919 D,
583 1874 668 1924 pro
683 1858 877 1907 utriculis
903 1859 1271 1923 horizontalibus,
1285 1859 1494 1928 designat.
1563 1863 1613 1907 In
1626 1857 1825 1925 ejusdem
1853 1860 2052 1906 interiori
2075 1861 2296 1933 portione,

498 1932 855 1997 perpendiculari
870 1932 1061 1983 instituta
1078 1934 1190 2002 ligni
1208 1933 1401 1984 sectione
1429 1930 1673 1983 secundum
1699 1928 2058 1982 transversalium
2085 1933 2296 1983 utriculo„

499 2023 602 2054 rum
614 2006 889 2076 progressum
905 2047 917 2071 ,
951 2009 1103 2065 erdem
1120 2008 1292 2065 trachee
1321 2012 1358 2058 E
1373 2007 1590 2077 pellucidcg
1602 2006 1937 2075 longitudinem
1963 2024 2218 2075 excurrunt,
2243 2015 2294 2060 δι

498 2076 698 2146 copiosos
727 2081 950 2129 hincinde
974 2098 1186 2149 promunt
1214 2097 1411 2130 tumores
1423 2084 1470 2130 F.
1538 2081 1666 2130 Tam
1694 2077 1949 2148 frequentes
1965 2079 2061 2128 sunt
2077 2122 2091 2144 ,
2124 2097 2173 2129 ut
2201 2097 2296 2130 tota

496 2150 607 2220 ligni
624 2172 864 2223 compages
903 2154 969 2204 his
988 2155 1087 2204 solis
1114 2159 1333 2225 componi
1356 2154 1571 2205 videatur.
1640 2157 1756 2202 Inter
1784 2153 1879 2216 has,
1905 2152 2056 2222 ligneae
2069 2153 2218 2221 fistulaej
2235 2160 2296 2221 G,

499 2227 681 2293 graciles
718 2246 890 2292 tamen,
924 2228 1259 2299 interseruntur3
1308 2229 1425 2279 unde
1461 2228 1727 2278 laceratione
1754 2224 2010 2277 subobscure
2044 2247 2298 2299 emergunt,

500 2301 812 2350 Trachearum
828 2303 1006 2351 ordines
1020 2303 1325 2352 transversales
1355 2304 1529 2354 utriculi
1542 2305 1610 2364 H,
1636 2302 1831 2368 oblonga
1847 2301 2093 2350 constantes
2123 2301 2261 2371 figura
2279 2345 2294 2368 ,

500 2375 662 2423 coloris
681 2375 963 2439 subvitellini,
992 2374 1360 2444 superequitando
1381 2390 1634 2436 excurrunt,
1669 2379 1717 2422 δι
1741 2391 1846 2420 cum
1867 2372 1965 2440 ipsis
1995 2373 2293 2441 implicantur.

504 2454 629 2498 Statis
644 2454 808 2518 pariter
825 2451 932 2500 locis
954 2451 1244 2502 observantur
1258 2447 1358 2500 vasa
1371 2454 1406 2513 Ι,
1417 2466 1516 2517 quae
1536 2446 1772 2496 secundum
1792 2446 2116 2515 longitudinem
2129 2448 2292 2516 produ-

502 2527 574 2571 Cta
587 2540 734 2572 totum
748 2527 930 2594 irrigant
944 2523 1146 2595 lignum:
1185 2524 1457 2593 Hujusmodi
1487 2521 1835 2572 terebinthinam
1860 2521 2064 2582 fundunt,
2094 2530 2140 2572 &
2171 2523 2295 2574 tenui

501 2615 835 2666 componuntur
851 2599 1005 2650 fistula.
1076 2599 1366 2670 Singulorum
1395 2600 1543 2647 minus
1559 2595 1792 2645 obscuram
1810 2595 1951 2644 reddit
1978 2599 2181 2646 notitiam
2199 2596 2292 2667 seg-

504 2678 646 2722 menti
662 2675 853 2742 indago,
892 2695 1001 2725 nam
1027 2678 1076 2724 in
1088 2674 1172 2724 hoc
1200 2690 1483 2724 exaratarum
1514 2671 1791 2722 trachearum
1821 2669 1973 2737 patula
2000 2667 2093 2730 sunt
2109 2688 2190 2721 ora
2215 2674 2293 2738 K,

504 2757 602 2807 quae
633 2742 862 2811 irregulari
892 2744 1064 2811 pollent
1081 2740 1240 2805 forma,
1268 2749 1314 2792 &
1343 2741 1540 2810 pluribus
1555 2737 1725 2807 angulis
1752 2734 1924 2800 scatent,
1946 2740 2007 2787 ita
2023 2754 2070 2787 ut
2096 2741 2294 2788 invicem

507 2807 592 2856 sese
608 2814 928 2878 comprimant,
957 2817 1004 2859 δι
1020 2812 1265 2878 angustent..
1329 2814 1447 2858 Inter
1467 2806 1557 2876 ipsa
1574 2805 1772 2855 mediant
1784 2803 1937 2873 ligneae
1953 2805 2072 2855 fibrae
2088 2809 2295 2875 minime²

505 2890 554 2933 &
570 2886 858 2935 utriculorum
873 2887 1048 2935 ordines
1073 2892 1110 2935 L
1135 2884 1469 2936 horizontaliter
1485 2884 1621 2932 ducti.

573 2960 684 3021 jam
700 2961 867 3010 Caudicis
886 2967 932 3010 &
946 2964 1071 3010 Caulia
1085 2964 1133 3009 in
1146 2958 1480 3028 VegetantibuS,
1496 2976 1593 3026 quae
1609 2955 1732 3006 facile
1748 2954 1804 3004 ad
1817 2972 1939 3004 meas
1957 2954 2171 3003 devenere
2189 2974 2287 3005 ma-

510 3050 589 3080 nus
609 3075 620 3096 ,
651 3034 866 3103 insignem
893 3035 1149 3098 thoracem,
1183 3034 1382 3104 lignique
1414 3050 1702 3100 compagem,
1730 3047 1862 3099 prout
1889 3029 2285 3079 instrumentorum

509 3124 718 3156 meorum
735 3110 895 3158 ruditas
909 3113 1120 3179 attingere
1134 3113 1278 3178 potuit
1290 3150 1302 3172 ,
1327 3111 1507 3157 rimatus
1523 3105 1644 3169 sum,
1682 3125 1761 3155 nec
1775 3103 2126 3173 improbabiliter
2146 3109 2282 3153 enun-

510 3182 628 3230 ciare
645 3181 771 3245 licet,
795 3188 960 3252 Lignum
983 3184 1181 3232 constare
1208 3183 1325 3232 fibris
1354 3181 1423 3230 seu
1450 3180 1617 3243 fistulis,
1642 3179 1838 3242 tracheis,
1863 3176 2150 3227 utriculorum
2163 3174 2283 3223 hori-

512 3255 758 3304 zontalium
776 3256 979 3320 seriebus,
995 3259 1114 3324 (quae
1130 3261 1173 3305 in
1187 3255 1462 3324 aliquibusin
1474 3254 1726 3303 medullam
1741 3253 1971 3313 desinunt,)
2001 3256 2047 3298 &
2059 3247 2160 3298 vase
2174 3268 2279 3316 pro-

513 3329 625 3392 prio:
664 3334 719 3377 Et
736 3330 836 3379 licet
849 3334 894 3379 in
907 3329 1171 3399 quibusdam
1182 3330 1406 3378 cauliculis
1422 3331 1553 3396 Ligni
1568 3327 1756 3377 soliditas
1773 3332 1819 3374 &
1832 3328 2085 3372 continuata
2101 3338 2277 3368 contex-

512 3418 608 3449 tura
625 3405 671 3450 in
684 3406 934 3469 cylindrum
963 3409 1276 3475 compaginata
1293 3423 1384 3452 non
1412 3420 1625 3472 emergat,
1651 3401 1854 3469 disparati
1881 3417 2033 3448 tamen
2061 3394 2276 3455 fasciculi,

510 3478 635 3548 quasi
653 3496 729 3547 per
751 3480 1002 3562 medullam
1028 3480 1202 3548 dispersi
1219 3522 1231 3544 ,
1254 3498 1411 3529 veram
1438 3477 1548 3545 ligni
1573 3476 1742 3543 sapiunt
1765 3490 1985 3521 naturam.
2053 3470 2275 3534 Praecipua

510 3571 559 3603 ut
572 3541 981 3623 plurimum,igitur
1002 3563 1048 3606 δι
1064 3558 1209 3623 potior
1222 3558 1362 3604 trunci
1383 3549 1604 3619 caulisque
1632 3552 1797 3617 portio,
1810 3546 1959 3613 ligneis
1984 3540 2133 3589 fistulis
2156 3544 2273 3590 exci-

2126 3631 2267 3664 tatur:
