2638 3926
319 191 490 294 ‘44

1295 209 1385 270 De
1411 204 1589 294 (stallis.

558 367 633 406 ter
684 342 940 426 pullulant
982 341 1125 400 fimul
1158 341 1408 423 congestae
1432 345 1496 415 C,
1540 342 1776 426 disrupto
1825 348 2032 406 corticis
2070 344 2364 422 involucrO,

556 429 705 511 quod
729 431 862 487 circa
886 425 1159 484 crescentes
1182 443 1414 483 tumores
1437 422 1576 483 labio
1601 425 1663 482 D
1686 428 1970 502 attollitur3
2012 430 2163 492 unde·
2186 429 2365 492 Galla-

555 537 674 574 rum
691 531 905 572 exortus
924 510 954 567 a
981 511 1222 591 penitiori
1260 511 1472 583 cortice,
1512 507 1734 591 ligneum
1762 510 2058 590 cylindrum
2088 516 2363 592 ambiente,

560 599 830 677 contingit.

644 766 707 825 In
733 764 982 846 expolitis
1002 761 1189 838 Gallis,
1233 761 1528 847 reliquisque
1550 765 1774 824 exaratis
1791 761 2048 823 morbofis
2070 769 2364 830 tumoribus

561 856 727 911 varias
754 848 925 909 foveri
946 847 1140 908 muscas
1153 849 1408 930 hucusque
1433 847 1788 909 indicavimus.
1882 846 1960 908 Et
1974 853 2227 931 quoniam
2241 853 2366 933 ipla-

559 959 675 996 rum
699 936 947 994 stru&ura
973 933 1170 1016 elegans
1188 933 1276 1008 est,
1319 930 1649 1013 multumque
1675 931 1797 994 lucis
1836 933 1984 994 affert
2008 957 2110 1017 pro
2146 937 2368 998 eruenda

558 1043 798 1104 germana
818 1018 1091 1078 Gallarum
1117 1018 1482 1101 productione,
1525 1014 1934 1101 inse&orumque
1956 1017 2150 1081 ibidem
2174 1019 2367 1081 cuban-

560 1109 721 1176 tium3
763 1103 886 1165 ideo
901 1107 1035 1163 circa
1054 1102 1274 1187 ipsarum
1298 1099 1568 1163 nonnullas
1601 1119 1771 1184 partes
1811 1105 2196 1165 immorandum
2218 1105 2367 1167 duxi.

559 1187 802 1251 Muscam
832 1189 989 1274 (72.)
1029 1192 1202 1272 igitur,
1244 1210 1362 1270 quae
1387 1187 1418 1245 a
1441 1188 1688 1269 quercinis
1719 1185 1886 1247 Gallis
1929 1186 2156 1272 Augusti
2205 1189 2369 1252 mense

556 1278 831 1358 prognatis
846 1277 1089 1355 erumpit,
1130 1273 1397 1345 delineavi,
1409 1289 1574 1356 prout
1597 1274 1752 1331 etiarn
1768 1271 1919 1332 nudis
1945 1272 2101 1334 oculis
2123 1279 2366 1337 occurrit.

560 1359 748 1441 Caput
769 1359 926 1419 habet
950 1359 1058 1432 A,a
1082 1381 1191 1441 quo
1215 1355 1493 1417 articulatae
1516 1355 1822 1417 enascuntur
1846 1374 2092 1418 antennae.
2134 1358 2368 1421 Thorax

558 1445 642 1504 {ex
691 1442 909 1527 pedibus
949 1440 999 1499 Β
1035 1461 1304 1514 armatur3
1347 1444 1435 1523 qui
1464 1439 1626 1521 stylis,
1668 1446 1721 1500 &
1750 1441 2010 1522 unguibus
2046 1449 2364 1506 muniuntur.

561 1530 683 1589 Alae
707 1552 920 1611 quoque
944 1547 1177 1609 quatuor
1194 1530 1239 1587 C
1251 1524 1513 1609 inaequalis
1535 1523 1902 1609 magnitudinis
1929 1523 2142 1586 adstant.
2241 1526 2368 1590 Suc·

556 1615 693 1674 cedit
721 1614 983 1673 abdomen
1009 1614 1089 1687 D,
1130 1611 1277 1697 quod
1303 1609 1513 1672 diversis
1539 1608 1874 1694 cartilagineis
1891 1609 2219 1693 corporibUS,
2242 1633 2368 1695 qua-

556 1699 594 1759 fi
627 1699 902 1759 loricatum
928 1721 1139 1781 corpuS,
1180 1699 1537 1779 componitur.
1626 1694 1714 1755 Ut
1754 1712 1928 1755 autem
1956 1694 2149 1759 facilius
2187 1715 2366 1779 pateat

556 1783 710 1868 ipsius
756 1806 1054 1866 compageS,
1110 1785 1285 1843 varios
1333 1779 1537 1842 seorfim
1581 1779 1834 1840 delineavi
1889 1778 2026 1840 litus,
2116 1778 2367 1843 Nectitur

556 1870 759 1930 thoraci
782 1872 835 1928 in
865 1869 934 1942 E,
977 1874 1028 1929 &
1050 1866 1387 1950 cartilagineis
1422 1863 1629 1927 lamellis
1661 1864 1718 1923 F
1742 1863 1984 1937 constat,
2026 1888 2141 1949 quae
2169 1865 2362 1949 gracili-

556 1968 684 2028 tate,
729 1958 781 2012 ὃ(
809 1952 1075 2012 luciditate
1105 1950 1413 2036 specularem
1449 1949 1671 2036 lapidem
1709 1948 2030 2011 aemulantur.
2118 1948 2200 2010 Et
2233 1973 2365 2033 quo-

554 2041 696 2098 niam
722 2035 948 2096 animalis
998 2037 1215 2096 arbitrio
1262 2053 1643 2118 contorquetur
1681 2052 1895 2107 venter,
1938 2035 2065 2095 cum
2105 2035 2362 2096 interdum

555 2121 808 2204 gracilior,
852 2126 905 2181 ὅ(
931 2120 1141 2181 brevior
1176 2121 1442 2195 reddatur,
1483 2140 1619 2179 mox
1644 2118 1892 2180 tumidior
1920 2143 1935 2191 3
1977 2126 2030 2180 &
2051 2137 2112 2178 ut
2150 2120 2365 2181 condita

551 2226 851 2281 exerantur,
893 2223 1269 2288 coagmentatae
1291 2223 1464 2287 partes
1488 2227 1599 2265 non
1635 2221 1936 2287 perpetuam
1980 2203 2182 2265 servant
2217 2227 2362 2265 com-

554 2314 755 2374 pagem,
780 2297 832 2351 &
855 2289 1037 2363 litum,
1078 2289 1195 2349 ideo
1218 2287 1550 2372 cartilagineae
1563 2287 1770 2348 lamellae
1790 2288 1846 2345 F
1868 2311 1976 2347 non
2000 2287 2215 2370 explent
2236 2311 2362 2349 con-

557 2381 812 2436 tinuatum
855 2373 1141 2444 circulum,
1185 2372 1266 2430 sed
1295 2376 1347 2428 in
1385 2373 1437 2426 G
1465 2371 1607 2429 suum
1644 2370 1930 2429 sortiuntur
1977 2373 2163 2428 finem:
2204 2377 2257 2431 ὃ(
2285 2395 2360 2431 re-

559 2462 729 2517 tractae
753 2456 842 2515 sese
869 2461 1090 2516 invicem
1127 2455 1420 2526 obscurant,
1461 2458 1514 2512 ὃ(
1539 2469 1731 2534 tegunt.
1815 2452 2020 2511 Harum
2061 2458 2359 2516 extremitas

558 2542 673 2623 pilis
714 2559 965 2599 ornatur:
1021 2538 1344 2621 ipsarumque
1389 2535 1540 2596 color
1573 2534 1916 2596 subvitellinus
1958 2554 2118 2596 extat.
2205 2537 2358 2599 Reli-

559 2649 721 2707 quum
747 2627 941 2683 ventris
966 2623 1183 2707 gibbos&
1204 2627 1395 2705 pariter
1438 2619 1639 2680 constat
1677 2619 1967 2703 cartilagine
1996 2618 2075 2696 H,
2116 2644 2233 2705 quae
2256 2622 2358 2707 gla-

562 2709 652 2770 bra
685 2708 906 2791 quadam
931 2711 1163 2769 munitur
1199 2705 1483 2789 appendice
1509 2702 1564 2763 I:
1607 2704 1712 2764 haec
1740 2703 1956 2786 subjecta
1993 2710 2185 2789 tegitur
2229 2725 2356 2768 tere-

559 2793 667 2868 bra,
711 2792 854 2866 cujus
881 2794 1109 2853 condens
1146 2793 1332 2872 vagina
1357 2788 1415 2846 K
1438 2789 1630 2873 parum
1675 2793 1915 2873 erumpit,
1954 2812 2068 2850 non
2089 2790 2244 2875 longe
2286 2792 2356 2852 ab

553 2901 671 2938 ano.
761 2875 913 2936 Dum
941 2880 1165 2936 exeritur
1202 2878 1382 2957 itaque
1408 2892 1620 2935 exarata
1662 2874 1881 2951 terebra,
1921 2893 2154 2935 mutatur
2188 2875 2355 2937 abdo-

556 2965 705 3021 minis
730 2960 881 3033 fitus5
923 2967 973 3021 &
1014 2959 1389 3042 cartilagineum
1426 2982 1616 3043 corpus
1644 2957 1709 3015 H
1729 2957 1866 3019 foras
1906 2962 2121 3043 rapitur,
2168 2983 2351 3022 curva-

556 3046 711 3128 taque
734 3045 856 3106 olim
878 3046 1073 3106 terebra
1097 3045 1149 3105 L
1170 3046 1381 3104 erectior
1401 3045 1650 3121 redditur,
1691 3050 1743 3104 ὅ(
1766 3043 2101 3105 custodientis
2122 3043 2227 3125 jam
2262 3067 2350 3105 va-

557 3134 687 3211 ginae
726 3134 1023 3190 extremitas
1049 3129 1108 3187 Κ
1136 3132 1334 3188 eminet.
1421 3127 1548 3201 Q&
1590 3133 1790 3192 ratione
1830 3146 2000 3188 autem
2036 3132 2348 3213 contingat,-

557 3214 752 3275 ruditer
775 3214 1080 3275 adumbrare
1124 3218 1335 3274 tentavi.
1420 3212 1572 3275 Dum
1618 3216 1775 3297 igitur
1813 3211 2010 3274 terebra
2040 3214 2087 3273 L
2113 3217 2348 3296 evagina-

556 3316 660 3372 tur,
702 3302 891 3356 ventris
918 3298 1189 3379 segmenta,
1231 3298 1311 3359 seu
1332 3298 1534 3359 lamellae
1553 3297 1726 3359 verffis
1746 3296 1957 3358 dorsum
1982 3297 2067 3357 M
2085 3298 2346 3357 retrahun-

560 3400 663 3456 tur,
705 3387 755 3440 &
781 3382 1143 3442 obscurantur:
1186 3382 1322 3443 foras
1348 3387 1474 3443 vero
1515 3383 1668 3445 altera
1705 3387 2033 3442 extremitate
2067 3381 2344 3442 extrahun-

558 3485 681 3537 tur,
723 3470 774 3525 ὅ(
809 3467 883 3525 ita
916 3465 1154 3525 circulare
1199 3492 1386 3551 corpus
1418 3469 1484 3526 N
1498 3467 1790 3547 subjeetum,
1834 3466 1977 3545 cujus
2016 3469 2343 3526 extremitate

553 3551 799 3611 conditur
820 3551 1032 3624 terebra,
1074 3550 1376 3613 manifestari
1395 3556 1570 3633 incipit
1595 3576 1606 3611 ε
1649 3557 1700 3612 ὅ(
1722 3550 1790 3611 fic
1809 3549 2021 3611 terebrae
2043 3548 2166 3610 situs
2204 3551 2340 3611 hori-

556 3635 771 3696 zontalis
798 3633 1024 3719 efficitur.
1111 3632 1417 3717 Separatum
1436 3634 1675 3696 circulare
1712 3656 1902 3716 corpus
1926 3632 2002 3708 N,
2042 3633 2339 3695 membrana

2149 3734 2337 3776 excita-
