2600 3952
0 1148 7 1164 i

0 1165 8 1188 ἔ

0 1189 9 1227 f

0 1231 4 1239 J

883 196 1194 263 QAnatome
1221 194 1566 259 ‘Plantamm

324 316 434 366 dum
460 316 627 366 sursum
640 315 757 378 ferri,
770 312 1070 364 aberrantibus
1093 313 1289 361 multum
1317 316 1341 361 a
1367 323 1485 365 recta
1507 316 1623 364 linea
1641 316 1852 364 contentis
1868 311 2048 361 tracheis
2065 316 2111 360 F.

387 392 538 440 Tanta
569 390 631 438 est
657 390 932 455 &spirasionis
944 385 1179 444 neceffitas,
1211 391 1258 432 &
1275 384 1369 431 Usus
1386 426 1398 447 ,
1431 404 1483 435 ut
1496 393 1671 437 Natura
1688 391 1735 435 in
1763 384 1938 455 singulis
1954 389 2110 434 viven-

324 466 438 512 tium
452 463 678 513 ordinibus
698 463 836 519 varia,
855 457 926 505 sed
940 456 1145 525 analoga,
1159 459 1381 524 paraverit
1400 459 1698 523 instrumenta,
1711 478 1809 528 quae
1815 463 2009 526 pulmones
2029 478 2109 507 vo-

321 554 486 599 camus,
499 555 603 584 cum
618 536 703 582 hoc
715 532 982 593 dilcrimine,
1000 548 1048 579 ut
1063 550 1160 600 quae
1175 528 1431 598 perfectiora
1458 531 1586 579 nobis
1605 534 1848 595 censentur,
1875 553 1927 583 ea
1941 537 2106 583 minori

322 611 592 676 pulmonum
611 624 824 675 apparatu
838 606 1073 675 gaudeant.
1143 607 1208 653 Ita
1222 604 1426 668 homini,
1454 602 1718 672 reliquisque
1732 607 2107 673 quadrupedibus,

321 699 418 749 qua:
443 681 637 751 perfecta
663 681 895 742 dicuntur,
921 683 1128 748 geminos
1158 674 1365 747 elargitur
1391 678 1643 746 pulmones,
1675 695 1755 744 per
1768 695 1878 744 quos
1892 682 2106 746 perpetuo

320 771 435 803 totus
451 754 621 823 languis
647 752 877 822 pertransit
893 785 905 821 3
940 755 987 801 in
1000 750 1155 802 avibus
1168 755 1292 816 vero,
1315 751 1570 800 abdominis
1580 754 1748 799 cavitas
1766 752 1813 796 in
1827 749 2104 802 additamen-

318 844 414 876 tum
446 828 735 895 pulmonibus
762 827 952 876 additur.
1022 829 1070 873 In
1099 825 1283 895 piscibus
1314 829 1476 893 pariter
1494 823 1675 894 operosa
1693 824 1755 873 est
1771 827 1968 887 Natura,-
1995 832 2103 876 nam

318 899 565 969 frequenter
590 901 819 951 branchias
831 899 908 949 sub
920 898 1159 968 multiplici
1174 900 1330 948 ordine
1346 899 1543 963 molitur,
1578 905 1625 947 &
1641 897 1810 966 polypo
1834 897 2105 967 reliquisque

317 975 618 1024 confimilibus
639 979 844 1043 geminos
877 974 1114 1043 pulmones
1129 974 1249 1042 quafi
1264 970 1470 1022 moseum
1505 973 1562 1022 ab
1576 971 1822 1020 abdomine
1834 975 2021 1039 pendere
2032 980 2102 1042 ju-

317 1049 407 1118 bet3
419 1050 579 1118 quibus
603 1050 811 1099 omnibus
826 1050 1052 1119 respiratio
1065 1067 1121 1096 ex
1143 1066 1257 1117 aqua
1271 1064 1583 1116 promovetur.
1615 1048 1718 1094 Nec
1733 1045 1925 1095 testaceis
1943 1054 1991 1096 δι
2005 1067 2102 1097 cru-

314 1125 464 1174 staceis
485 1125 640 1175 desunt
653 1124 906 1193 pulmone8‚
936 1123 1006 1173 [ecl
1022 1123 1276 1192 frequenter
1304 1122 1481 1191 propria
1503 1121 1627 1171 mole
1654 1119 1884 1188 reliquum
1909 1127 2103 1191 corporis

316 1199 533 1269 superant.
605 1199 780 1253 Viliora
796 1202 956 1268 pariter
977 1197 1140 1248 insecta
1173 1196 1250 1245 suo
1273 1199 1534 1246 muniuntur
1559 1193 1794 1264 pulmone,
1822 1197 1901 1263 qui
1931 1212 2103 1245 tantam

314 1275 642 1325 dimensionem
657 1271 846 1338 sortitur,
873 1290 922 1322 ut
935 1273 1210 1341 reliquarum
1225 1276 1423 1341 partium
1437 1269 1613 1320 molem
1641 1269 1774 1338 longe
1795 1270 2007 1339 excedat3
2041 1274 2103 1320 ita

315 1354 361 1398 in
379 1350 625 1416 papilionibus
651 1348 765 1397 olim
792 1349 946 1398 decem
979 1354 1028 1396 &
1048 1352 1152 1396 οξὶο
1172 1345 1439 1415 deprehendi
1469 1346 1730 1414 pulmones,
1764 1348 1841 1413 qui
1871 1363 1964 1393 non
1976 1363 2026 1394 ut
2053 1349 2102 1394 in

314 1424 461 1488 nobis,
494 1421 756 1492 reliquisque
781 1421 1097 1485 animantibus,
1121 1420 1267 1469 debite
1295 1420 1612 1488 circumscripti
1641 1422 1818 1486 propria
1842 1436 2106 1469 coercentur

315 1501 525 1562 cavitate,
537 1498 608 1546 sed
622 1497 838 1564 oblongas
850 1511 1104 1563 promentes
1121 1495 1332 1555 tracheaS,
1345 1510 1443 1559 quae
1461 1493 1604 1541 modo
1630 1495 1677 1539 in
1690 1491 1793 1541 vasa
1802 1497 2099 1563 condiantur,

314 1572 455 1620 modo
468 1575 514 1618 in
528 1570 687 1620 veficas
695 1570 984 1636 pulmonares
997 1568 1218 1628 laxantur,
1239 1571 1286 1614 in
1311 1565 1497 1632 singulas
1508 1570 1704 1633 corporis
1719 1583 1877 1634 partes,
1891 1567 2100 1619 vasorum

310 1649 407 1707 ritu,
421 1659 733 1712 propagantur,
760 1648 809 1691 &
824 1638 1139 1689 ramificantur.
1210 1643 1258 1686 In
1270 1641 1410 1704 plantis
1435 1640 1558 1701 vero,
1587 1656 1685 1707 quae
1702 1639 1913 1687 infimum
1926 1647 2099 1692 anima-

308 1719 423 1768 lium
436 1721 654 1786 attingunt
665 1716 899 1777 ordinem,
914 1730 1086 1763 tantam
1099 1713 1376 1763 trachearum
1399 1716 1581 1780 copiam
1607 1719 1655 1762 &
1668 1713 2011 1780 productionem
2026 1737 2101 1766 ex-

309 1809 400 1842 tare
425 1810 506 1860 par
532 1790 622 1853 est,
654 1806 704 1838 ut
736 1790 802 1839 his
826 1791 1024 1838 minimae
1060 1793 1366 1856 vegetantium
1393 1802 1537 1854 partes
1570 1801 1724 1856 praeter
1758 1791 1976 1837 corticem
2002 1793 2098 1839 irri-

309 1882 476 1935 geritur.

377 1941 557 1988 Exarati
566 1939 752 2004 pulmones
764 1940 810 1985 in
823 1935 1000 2005 fingulis
1023 1939 1278 1987 viventium
1299 1930 1551 1999 ordinibus,
1582 1936 1607 1983 a
1631 1939 1763 1983 variis
1777 1937 2102 1988 continentibus

312 2021 361 2063 δε
376 2011 668 2062 ambientibus
682 2010 881 2079 liquidis,
894 2010 1054 2077 quibus
1067 2008 1684 2080 immerguntur,peculiarem
1696 2007 1903 2057 hauriunt
1919 2013 2103 2079 icorem,

311 2089 412 2137 vitae
424 2084 724 2134 necessarium.
791 2085 923 2132 Hunc
937 2082 1139 2132 ambiens
1153 2099 1227 2129 aer
1244 2077 1660 2147 nobiS,reliquisque
1675 2082 1943 2130 terrestribus
1957 2083 2101 2150 perfe-

312 2165 408 2224 ctis,
424 2166 472 2208 δι
489 2154 659 2207 insectis
675 2158 772 2225 ips1s
786 2156 958 2225 praestat
979 2176 989 2203 :
1026 2154 1180 2219 Pisces,
1194 2155 1428 2218 crustacea,
1455 2154 1715 2221 reliquaque
1730 2155 1962 2220 aquatilia,
1977 2158 2107 2227 respi-

312 2236 495 2292 rationis
519 2236 757 2281 materiam
784 2231 840 2279 ab
855 2247 972 2297 aqua
999 2227 1230 2297 separant3
1267 2228 1428 2296 plantae
1451 2230 1580 2294 igitur
1607 2229 1680 2291 (ut
1691 2231 1928 2293 conjectari
1943 2227 2005 2278 fas
2018 2234 2106 2299 est)

313 2326 420 2356 cum
433 2307 515 2355 fint
528 2309 744 2366 viventia,
758 2304 991 2353 visceribus
1006 2302 1144 2351 infixa
1157 2319 1293 2362 terrae,
1307 2301 1364 2348 ab
1377 2300 1546 2363 hac,seu
1561 2303 1706 2367 potius
1721 2300 1779 2348 ab
1790 2319 1906 2370 aqua
1924 2310 1971 2353 &
1984 2314 2101 2372 aete,

309 2382 562 2428 commixtis
586 2384 633 2427 &
649 2376 882 2446 percolatis
895 2377 920 2424 a
933 2392 1064 2439 terra,
1097 2374 1388 2444 respirationis
1401 2371 1467 2430 suff
1481 2376 1718 2422 materiam
1732 2378 1963 2443 recipiunt,
1986 2380 2099 2448 ipsa-

310 2471 505 2522 rumque
528 2453 709 2503 tracheae
737 2451 795 2500 ab
808 2449 948 2500 halitu
962 2466 1102 2512 terrae‚
1126 2465 1346 2498 extremas
1372 2447 1533 2497 radices
1556 2444 1831 2516 subingreffo,
1863 2451 2099 2519 replentur.

311 2530 403 2577 Diu
417 2528 546 2577 anxie
555 2525 752 2595 quaefivi,
775 2543 831 2573 an
846 2527 891 2572 in
907 2523 1026 2573 foliis
1056 2531 1103 2574 &
1124 2526 1286 2572 cortice
1295 2520 1465 2571 orificia
1477 2539 1559 2590 pro
1573 2540 1674 2570 aere
1690 2538 1909 2590 paterent,
1938 2545 2022 2575 nec
2048 2546 2102 2577 ea

309 2617 515 2667 unquam
532 2598 859 2668 deprehendere
874 2600 999 2664 potui
1016 2630 1028 2665 3
1062 2597 1229 2648 radices
1242 2598 1352 2646 vero
1378 2601 1509 2644 tantis
1525 2612 1897 2663 coagmentantur
1909 2601 2103 2670 tracheis,

310 2677 419 2723 utin
438 2672 707 2742 quibusdam
735 2671 898 2739 plantis
923 2676 971 2718 &
999 2669 1226 2719 arboribus
1252 2669 1318 2718 hae
1343 2669 1618 2738 reliquarum
1639 2670 1815 2719 molem
1832 2669 1964 2741 longe
1977 2670 2101 2743 supe-

309 2765 422 2799 rent.
492 2753 648 2812 Qare
664 2755 731 2806 (ut
746 2744 948 2794 dubitare
965 2744 1091 2810 licet)
1108 2763 1248 2813 vapor
1263 2742 1335 2793 seu
1350 2744 1650 2812 respiratorius
1666 2741 1814 2795 succus
1827 2746 1852 2795 a
1868 2760 1996 2810 terra,
2012 2755 2098 2797 aeri

312 2829 499 2892 &aquae
526 2824 682 2882 mixta,
710 2817 945 2886 separatus,
977 2819 1173 2868 tracheas
1204 2814 1465 2881 subintrans,
1491 2815 1600 2887 ipsas
1626 2818 1769 2886 replet
1796 2819 2095 2869 &distendit:

311 2895 489 2945 Etficut
507 2899 553 2944 in
574 2894 703 2943 nobis
730 2891 1107 2957 &confimilibu5,
1131 2889 1349 2961 sanguinis
1374 2890 1513 2940 maffa
1536 2891 1778 2960 pulmones
1797 2894 1932 2958 petit,
1966 2910 2015 2941 ut
2040 2893 2098 2943 ab

311 2967 412 3036 ipsis
445 2967 661 3037 separatas
687 2969 798 3014 aeris
822 2965 1058 3032 particulas
1086 2969 1289 3033 recipiat,
1313 2964 1434 3032 quod
1451 2968 1497 3011 in
1523 2980 1640 3031 aqua
1652 2961 1838 3033 piscium
1862 2964 2100 3032 pulmones

311 3041 516 3110 praestant
531 3073 543 3108 3
578 3047 623 3089 &
639 3044 685 3088 in
693 3035 866 3087 inseffis
882 3057 974 3088 non
989 3055 1083 3088 tota
1096 3036 1313 3106 sanguinis
1328 3037 1468 3085 moles
1482 3040 1529 3083 in
1545 3038 1782 3104 pulmones
1795 3038 1996 3102 confluit,
2024 3039 2097 3088 sed

312 3118 484 3166 inversa
500 3116 575 3165 via
597 3113 833 3183 pulmones
846 3112 940 3179 ipfi,
970 3111 1178 3163 vasorum
1192 3114 1293 3174 ritu,
1320 3114 1363 3158 in
1386 3110 1641 3160 univerlum
1655 3128 1814 3179 corpus
1841 3111 2096 3182 dispergun-

312 3205 398 3251 tur,
414 3188 468 3237 fic
482 3206 531 3238 ut
544 3186 717 3257 fingulae
734 3201 876 3253 partes
902 3191 1011 3235 aeris
1026 3185 1259 3255 particulas
1277 3202 1356 3252 per
1370 3184 1622 3253 pulmones,
1647 3191 1695 3234 δι
1708 3183 1923 3254 sanguinis
1933 3192 2100 3256 portio.

313 3281 388 3311 nes
402 3281 482 3331 per
499 3266 672 3311 arterias
686 3262 926 3326 recipiant,-
962 3265 1020 3310 ita
1037 3265 1083 3308 in
1107 3261 1362 3329 plantarum
1378 3261 1662 3328 pulmonibus
1689 3264 1831 3311 vereri
1859 3262 2097 3329 poffumus,

313 3355 370 3385 ne
381 3339 445 3386 vel
469 3341 494 3384 a
513 3335 693 3383 tracheis
717 3335 898 3383 minimi
912 3352 1174 3401 promantur
1198 3334 1361 3383 ramuli
1381 3339 1427 3382 in
1437 3338 1663 3402 contiguas
1677 3335 1786 3404 ligni
1802 3353 1960 3404 partes,
1973 3341 2095 3385 utin-

312 3411 433 3460 sectis
448 3409 605 3459 accidit
623 3439 635 3475 3
668 3411 732 3457 vel
755 3405 1063 3475 (probabilius)
1085 3409 1239 3477 ligneae
1266 3407 1400 3470 fibrae,
1429 3424 1506 3456 aut
1522 3407 1871 3461 horizontalium
1884 3410 2095 3459 utriculo-

313 3504 414 3534 rum
429 3485 619 3547 ordineS,
648 3483 896 3551 separatam
919 3484 944 3530 a
959 3483 1236 3533 trachearum
1259 3482 1583 3532 tunicishalitfis
1596 3501 1788 3552 partem,
1817 3486 1884 3534 seu
1902 3484 2092 3554 succum,

313 3577 398 3626 pro
411 3559 695 3626 respiratione
710 3560 943 3625 recipiant,
975 3558 1081 3606 cum
1095 3557 1250 3626 ligneae
1272 3553 1408 3620 fibrae,
1420 3555 1575 3614 heder-g
1589 3559 1720 3608 instar
1735 3601 1749 3623 ,
1783 3559 1979 3609 tracheas
1995 3580 2093 3610 am-

312 3631 450 3682 biant.
1940 3635 2095 3703 Respi-

2230 215 2284 275 15
