2618 3932
904 175 1174 242 Marcelli
1210 169 1530 255 Malpighii
1564 169 1903 252 Mppendix

332 459 421 527 Fig.
452 478 466 508 1
475 477 521 522 4.

334 674 425 738 Fig.
446 690 458 720 ι
475 691 515 738 5.

331 822 417 889 Fig.
452 820 521 870 16.

325 1641 414 1707 Fig.
440 1657 453 1688 1
463 1657 509 1700 7.

327 2081 417 2147 Fig.
441 2083 510 2129 18.

324 2442 412 2509 Fig.
436 2460 504 2509 ¹9·

547 325 735 357 numero
762 301 1014 353 cicatricula
1030 304 1247 350 &carina
1282 297 1407 368 absq3
1435 298 1783 350 novoincubatu
1795 301 2333 377 manifestabantur3nam

547 379 759 447 expositus
785 379 927 427 hiatus
941 379 987 424 in
1004 375 1170 424 eodem
1195 379 1316 438 Ovo,
1351 392 1431 442 per
1457 370 1527 422 lex
1551 373 1680 423 horas
1708 377 1797 423 aeri
1823 375 2000 441 relicto,
2032 380 2335 453 claudebatur,

549 460 595 502 &
625 455 780 519 capitis
806 455 1062 499 concavitas
1078 451 1119 498 Β
1147 449 1335 499 candida
1346 463 1440 496 tota
1452 447 1734 510 reddebatur,
1764 455 1812 498 δι
1830 453 1989 500 carinae
2006 462 2267 510 extremitas
2277 479 2335 513 ex

545 524 733 573 diductis
761 526 887 573 zonis
906 526 950 585 C,
981 542 1074 572 non
1090 521 1295 572 obstante
1312 520 1485 571 sacculo
1498 525 1560 584 D,
1591 539 1820 590 emergere
1833 525 2098 593 incipiebat:
2137 531 2335 585 Ulterior

543 597 817 661 succedebat,
850 597 971 663 elapfh
986 599 1045 645 die
1070 597 1096 645 a
1124 599 1275 664 prima
1300 599 1391 646 Ovi
1427 594 1719 659 lustratione,
1754 601 1974 667 mutatio3
2008 601 2161 654 clausis
2173 625 2331 679 namq.

547 675 675 721 zonis
699 674 904 741 geminus
935 670 1252 719 observabatur
1265 688 1415 721 tumor
1428 674 1485 733 E,
1519 672 1631 719 circa
1646 667 1826 720 dorsum
1839 673 2142 728 curvabantur
2157 700 2269 741 zone
2280 657 2334 749 F:

548 752 595 795 &
608 749 767 795 carinae
795 747 937 796 ovalis
958 764 1061 795 area
1073 743 1266 814 patebat.

611 820 827 890 Transtu‘ffi
839 822 914 882 die,
937 818 1194 870 cicatricula
1222 819 1337 869 hanc
1360 817 1563 869 servabat
1578 818 1938 887 magnitudinem
1950 829 2001 888 A,
2025 828 2137 876 &in
2153 827 2331 882 [hicen-

552 911 625 945 tro
648 897 801 943 carina
825 892 1071 956 Iocabatur,
1104 897 1226 960 cujus
1253 912 1362 949 zone
1387 891 1597 960 parallel?
1628 892 1769 954 ducte,
1798 893 1908 942 colli
1936 897 2121 950 {Bfiturn
2136 903 2333 975 defigna-

545 963 678 1033 bant3
711 984 824 1016 mox
849 966 1064 1017 vertebris
1082 965 1314 1030 haerenteS,
1347 965 1528 1015 dorsum
1543 964 1886 1030 constituebant,
1902 975 1956 1032 ὃς
1969 973 2152 1026 tandem
2173 977 2335 1031 dilata.

548 1054 602 1086 tae
618 1044 762 1096 carine
776 1058 1030 1090 extremum
1048 1043 1080 1089 C
1089 1039 1356 1090 claudebant
1373 1070 1385 1102 ‚-
1419 1043 1467 1087 in
1480 1042 1626 1108 capite
1640 1040 1751 1089 vero
1774 1043 1819 1088 D
1834 1039 2034 1109 hiabant,
2062 1052 2108 1096 &
2125 1063 2220 1098 tota
2231 1070 2335 1106 area,

544 1112 735 1162 candida
748 1130 842 1163 erat
868 1132 878 1159 t
917 1118 967 1162 In
980 1113 1079 1164 aliis
1102 1132 1272 1178 autem,
1303 1114 1558 1163 rudimenta
1582 1112 1876 1164 veficularum
1901 1117 2067 1169 cerebri
2087 1127 2135 1170 &
2158 1121 2334 1192 spinalis

543 1187 751 1236 medullae
776 1187 1081 1258 emergebant.
1149 1191 1318 1239 Carina
1332 1188 1441 1252 haec,
1474 1191 1519 1236 in
1546 1186 1900 1256 colliquamento
1921 1195 1962 1240 E
1980 1191 2159 1263 degenS,
2183 1202 2334 1266 proxi.

543 1279 622 1310 ma
636 1279 730 1310 erat
754 1261 927 1312 sacculo
939 1266 987 1326 F,
1022 1266 1100 1332 qui
1138 1263 1363 1333 diaphano
1389 1280 1562 1331 turgere
1579 1261 1815 1312 videbatur
1842 1263 1984 1315 succe.
2050 1271 2167 1318 Lata
2182 1270 2335 1341 seque.

547 1335 676 1385 batur
691 1356 824 1402 zona,
838 1356 936 1407 quae
950 1339 1132 1388 irruenti
1146 1337 1498 1408 colliquamento
1514 1340 1552 1385 G
1570 1334 1775 1386 obstabat
1787 1369 1800 1401 ‚-
1813 1339 1932 1388 unde
1943 1338 2214 1392 umbilicalis
2230 1363 2335 1397 area

541 1412 611 1472 H,
637 1412 760 1479 quasi
775 1429 840 1462 tot
854 1412 1178 1462 excurrentibus
1198 1413 1352 1465 rivulis
1369 1410 1804 1481 interrumpebatur3
1829 1413 2059 1485 postremo
2075 1417 2186 1468 latus
2199 1423 2336 1476 circu.

541 1481 610 1531 lus
637 1485 850 1535 candidus
865 1487 1166 1536 cicatriculam
1182 1486 1431 1539 claudebat.

607 1561 776 1610 Interea
798 1561 1109 1629 progrediente
1138 1562 1371 1627 incubatu,
1393 1565 1547 1611 carina
1571 1566 1899 1614 tumorescirca
1913 1582 2048 1636 caput
2062 1569 2336 1639 multiplica-

541 1629 644 1700 bat3
684 1652 810 1683 zonae
826 1638 994 1683 etenim
1024 1639 1071 1683 in
1089 1639 1214 1705 apice
1230 1641 1268 1686 A
1298 1637 1478 1687 hiatum
1493 1635 1638 1686 adhuc
1656 1635 1869 1687 servantes
1884 1656 1970 1688 tres
1982 1659 2104 1692 areas
2118 1644 2158 1692 Β
2174 1644 2335 1695 consti—-

546 1706 748 1769 mebant,
783 1707 943 1775 quibus
957 1709 1254 1759 vesicularum
1270 1710 1436 1756 cerebri
1453 1711 1769 1758 inchoamenta
1784 1712 2165 1767 custodiebantur.
2210 1723 2335 1770 Cato

539 1782 573 1827 C
598 1782 771 1828 circum
795 1779 1011 1845 adstabat,
1048 1788 1098 1831 &
1118 1779 1427 1832 vertebrarum
1456 1777 1631 1847 globuli
1657 1776 1789 1827 dorso
1803 1780 2054 1847 haerebant,-
2085 1789 2228 1838 cordis
2252 1810 2336 1860 pa-

539 1855 645 1900 riter
672 1857 882 1920 portioD
900 1851 1287 1914 manifestabatur,
1317 1859 1366 1899 δι
1394 1855 1442 1899 in
1458 1850 1712 1901 umbilicali
1748 1869 1851 1900 area
1877 1856 2076 1905 varicosa
2102 1857 2206 1909 vasa
2226 1881 2336 1931 pro-

541 1925 714 1989 dibant,
739 1924 918 1994 pallido
934 1930 982 1973 &
997 1922 1282 1973 subvitellino
1293 1923 1467 1992 turgida
1493 1925 1626 1972 icore.

609 1999 715 2049 Post
742 2003 904 2066 triginta
923 2000 1035 2046 hom
1047 1996 1298 2054 cicatriculffi³
1312 1995 1466 2046 circuli
1481 1995 1785 2065 multiplicati,
1821 1995 1949 2049 lbluti
1978 2007 2027 2051 δι
2053 2000 2224 2057 infracti
2251 2010 2333 2061 ob-

541 2071 842 2123 servabantur.
909 2069 1194 2120 Umbilicalis
1208 2088 1310 2120 area
1325 2075 1364 2121 A
1383 2069 1591 2120 varicolis
1602 2068 1789 2121 vasculis
1806 2072 1846 2118 Β
1874 2076 2213 2147 contegebatur,
2235 2101 2334 2152 quae

537 2147 598 2196 ab
612 2147 735 2197 elatis
765 2146 912 2195 solidis
939 2143 1221 2214 portionibus
1240 2143 1531 2213 subpallearis
1565 2142 1808 2195 substantia:
1836 2146 2172 2205 ambiebantur.
2239 2160 2334 2211 Va-

539 2216 690 2270 sorum
705 2220 829 2270 color
856 2220 1005 2289 primo
1020 2218 1263 2282 vitellinus,
1283 2237 1398 2269 mox
1410 2217 1690 2287 rubiginosus
1703 2235 1811 2270 erat.
1879 2225 1929 2270 In
1949 2223 2109 2277 eadem
2135 2246 2238 2279 area
2253 2249 2333 2281 ve-

538 2293 672 2344 sicula
700 2292 1125 2363 deprehendebatur.
1194 2292 1345 2342 Pullus
1367 2296 1416 2343 in
1439 2292 1805 2362 colliquamento
1821 2296 1853 2343 C
1873 2295 2052 2366 degens,
2077 2301 2217 2353 talem
2245 2303 2333 2356 sor-

544 2368 733 2420 tiebatur
775 2367 1196 2437 configurationem.
1265 2371 1316 2416 In
1337 2371 1511 2436 capite,
1536 2366 1615 2416 ubi
1657 2372 1835 2436 gemin}-
1863 2369 2218 2427 observabantur
2252 2398 2333 2449 ap-

538 2445 762 2511 pendices,
794 2442 1275 2511 oculiAemergebant
1290 2473 1303 2505 ,-
1333 2460 1444 2500 Ζοῃς
1471 2444 1620 2505 unitae,
1649 2446 1783 2491 variis
1797 2445 1998 2493 excitatis
2014 2450 2141 2512 areis,
2170 2455 2330 2524 quinq,

539 2518 707 2567 cerebri
733 2517 945 2568 vesiculas
962 2519 1002 2565 Β
1028 2516 1303 2579 ambiebant,
1340 2523 1389 2566 &
1413 2516 1518 2565 inde
1546 2515 1815 2584 productam
1843 2513 2061 2586 spinalem
2078 2523 2332 2579 medullam

538 2596 571 2643 C
583 2626 594 2661 3
634 2597 680 2642 in
696 2594 976 2643 extremitate
991 2590 1212 2660 angularis
1237 2590 1420 2641 dilatata
1448 2608 1552 2641 area
1580 2592 1625 2637 D
1649 2588 1800 2639 locum
1814 2589 1971 2642 laxatae
1998 2596 2204 2647 medullae
2219 2618 2331 2669 prae-

539 2666 699 2729 bebat3
732 2666 1042 2717 vertebrarum
1069 2664 1225 2714 sacculi
1240 2663 1481 2714 adstabant.
1550 2667 1656 2713 Hoc
1669 2663 1836 2715 eodem
1862 2668 2002 2715 etiam
2017 2685 2224 2738 tempore
2237 2678 2332 2723 Cor

542 2744 580 2790 E
604 2742 724 2790 certo
752 2740 1201 2809 deprehendebatur:
1239 2743 1298 2788 Et
1323 2741 1465 2791 adhuc
1492 2738 1763 2790 cicatriculas
1780 2743 1826 2789 in
1855 2742 1980 2791 vitris
1996 2743 2232 2796 exsiccatas
2245 2745 2331 2797 ser-

536 2832 613 2878 v0,
641 2819 686 2864 in
702 2817 861 2884 quibus
874 2814 988 2863 illud
1001 2814 1182 2882 prostat.

601 2888 759 2938 Adhuc
786 2888 921 2937 haeret
946 2891 1121 2937 animus
1152 2892 1199 2937 in
1239 2887 1582 2939 determinanda
1612 2890 1742 2939 Cordis
1771 2890 1845 2940 vel
1877 2893 2086 2960 Sanguinis
2112 2898 2328 2962 prioritate,

536 2963 642 3011 cum
668 2965 861 3031 repetitis
886 2961 1263 3012 observationibus
1287 2961 1487 3011 sensuum
1512 2962 1756 3012 ministerio
1786 2982 1839 3013 ea
1856 2981 2147 3033 nequaquam
2174 2965 2328 3018 firme-

539 3055 621 3087 tur.
691 3037 804 3086 Illud
833 3036 958 3085 certo
986 3035 1175 3099 constat,
1204 3052 1309 3085 ante
1336 3036 1597 3086 incubatum
1618 3078 1631 3100 ,
1661 3040 1820 3087 carinae
1853 3036 2044 3089 stamina
2075 3038 2327 3110 observari3

535 3111 692 3161 deinde
706 3110 915 3160 incubatu
928 3109 1165 3173 vertebras,
1191 3112 1426 3160 cerebri&
1443 3110 1617 3178 spinalis
1642 3110 1851 3159 medullae
1882 3111 2195 3164 inchoamenta
2216 3132 2326 3163 cum

539 3184 636 3248 alis,
666 3193 711 3235 &
727 3186 905 3235 induita
919 3203 1080 3235 carnea
1092 3188 1298 3254 portione
1324 3182 1609 3246 manifestari,
1643 3183 1796 3247 corde,
1821 3184 1949 3249 vafis,
1974 3193 2022 3235 &
2039 3185 2249 3254 sanguine
2260 3187 2330 3238 la-

542 3259 769 3308 titantibus
791 3279 802 3307 :
829 3258 1156 3327 Apparentibus
1170 3276 1319 3308 autem
1334 3259 1486 3308 rivulis
1498 3263 1544 3306 in
1568 3258 1816 3307 umbilicali
1841 3277 1960 3322 area,
1985 3258 2218 3326 probabile
2245 3259 2325 3323 est,

540 3336 637 3380 Cor
667 3335 802 3383 etiam
815 3337 971 3382 carinae
987 3333 1180 3401 appendi
1201 3365 1212 3400 3
1242 3335 1348 3383 cum
1363 3350 1466 3382 ante
1491 3335 1724 3401 trigesimam
1746 3335 1874 3381 horam
1902 3333 2044 3382 cordis
2058 3332 2324 3383 structuram

539 3406 660 3453 certo
692 3407 1075 3474 deprehenderim.
1143 3408 1399 3458 Plurimum
1415 3424 1569 3456 autem
1596 3410 1808 3475 temporis
1826 3406 2070 3470 intercedit,
2099 3424 2191 3475 quo
2224 3410 2323 3455 Cor

541 3490 588 3532 &
603 3480 719 3533 Vasa
750 3485 842 3529 icor
858 3482 1080 3549 pervadit,
1122 3483 1263 3532 modo
1286 3483 1392 3532 lutei
1405 3483 1581 3545 coloris,
1609 3481 1753 3531 modo
1781 3480 2019 3549 rubiginosi
2034 3523 2047 3545 ,
2071 3477 2324 3531 rubescente

542 3554 764 3615 postremo
789 3554 994 3624 sanguine
1009 3589 1021 3624 3
1047 3557 1167 3607 unde
1192 3557 1334 3607 adhuc
1362 3560 1664 3623 conjecturam
1692 3553 1827 3606 foveo
1848 3596 1862 3619 ,
1886 3572 2025 3623 quam
2051 3554 2160 3676 alia}
2183 3555 2325 3616 innui,

2148 3643 2326 3690 uccum,
