2600 3952
263 128 2253 182 —ae—dsae—-ffl

902 176 1337 237 MARCELLI
1381 166 1849 228 MALPIGHII

332 217 402 270 42

495 323 722 362 contexta,·
756 315 863 346 nam
879 293 1068 342 exterior
1085 291 1255 338 corticis
1283 291 1430 356 portio
1450 287 1492 353 C
1502 285 1663 335 eadem
1676 283 1739 333 est
1766 301 1872 333 cum
1886 278 1980 330 folii
2007 285 2052 330 D
2066 281 2281 334 laciniam,

491 377 746 437 substantia3
783 366 1044 430 subsequens
1055 363 1165 412 vero
1181 369 1229 412 &
1259 362 1411 411 media
1430 363 1582 429 portio
1607 359 1771 427 calycis
1798 358 1956 427 ligneis
1973 354 2093 405 fibris
2118 360 2159 404 E
2178 358 2280 406 irri-

487 469 626 520 gatur,
660 439 951 514 pendentibus
978 439 1033 488 de
1076 456 1204 487 more
1225 437 1452 502 utriculis3
1490 442 1537 485 δι
1563 433 1623 485 ab
1650 435 1748 498 hac,
1783 433 2033 483 staminum
2057 430 2284 500 pedioliF

487 534 749 587 emergunt:
789 517 975 565 Interior
1004 512 1192 563 tandem
1222 514 1370 579 portio
1396 510 1514 560 lutea
1541 508 1604 558 est
1627 507 1891 578 &globosa,
1928 514 1975 558 &
1993 506 2116 577 quali
2129 526 2280 558 erum-

485 610 593 662 pens
608 590 780 640 moscus
801 622 813 658 3
849 589 906 638 ab
921 589 1004 638 hac
1015 586 1194 636 candidi
1221 584 1302 652 pili
1331 588 1369 633 G
1393 580 1666 632 enascuntur.
1735 587 1783 631 In
1811 584 1967 653 mespilis
1983 625 1997 650 ,
2023 587 2280 658 oxiacanffla,

484 675 534 716 &
556 669 663 715 malis
697 685 711 714 1
726 684 802 728 27,
839 663 953 712 ultra
972 662 1181 709 laciniata
1198 655 1308 706 folia
1325 664 1376 718 A,
1410 666 1509 722 'quae
1521 656 1548 704 ὂ,
1563 655 1823 706 summitate
1834 657 1996 725 calycis
2015 662 2057 708 Β
2074 664 2279 711 exoriun-

483 751 573 804 tur,
607 740 795 789 succedit
815 734 1052 805 globosum
1070 739 1118 782 δι
1148 730 1392 781 rotundum
1416 737 1573 797 corpus
1588 732 1631 791 C,
1665 730 1943 800 quod,quafi
1959 734 2192 803 elongatus
2205 755 2280 789 ca-

488 811 584 882 lyx,
603 816 647 860 in
663 814 791 879 pomi
803 810 1101 877 pericarpium
1120 801 1309 854 facescit.

558 884 748 952 Singulis
775 885 907 950 igitur
940 880 1247 947 vegetantium
1263 874 1461 938 floribuS,
1493 891 1649 943 praeter
1664 878 1828 926 caltham
1852 883 2074 947 palustrem,
2095 886 2283 935 vitalbam

479 963 579 1028 flore
606 962 777 1023 caeruleo,
807 965 855 1008 δι
882 956 976 1005 fim.
1006 954 1116 1003 inest
1145 953 1310 1020 calyx:
1347 955 1397 1000 In
1427 950 1624 1020 pluribus
1655 968 1808 1002 autem
1824 954 2033 1024 bulbofis,
2059 978 2108 1010 ut
2135 965 2183 1010 in
2204 965 2283 1013 bia.

481 1037 629 1098 cyntho,
653 1034 832 1104 narciffo,
846 1033 921 1081 lilio
936 1030 1107 1097 Persico,
1133 1031 1269 1095 tulipa,
1297 1030 1375 1077 lilio
1388 1029 1587 1090 convallia,
1608 1027 1792 1094 gladiolo,
1813 1034 1860 1078 δε
1874 1034 2070 1098 melilqtto,
2102 1039 2282 1104 perian-

482 1107 647 1172 thium,
680 1123 936 1157 concavum
965 1102 1052 1152 scil.
1085 1101 1320 1171 quoddam
1340 1099 1486 1149 viride
1513 1096 1699 1162 folium,
1732 1099 2004 1170 subrogatur,
2037 1122 2130 1175 quo
2143 1110 2282 1158 renel,

484 1182 554 1231 lus
584 1182 667 1231 flos
699 1180 897 1231 ambitur
925 1180 1189 1226 &munitur
1205 1205 1218 1237 3
1251 1172 1370 1223 unde
1385 1173 1478 1222 cito
1503 1171 1752 1222 exficcatur.

551 1260 600 1302 In
616 1256 780 1323 plantis
808 1253 945 1322 spicas
974 1249 1227 1311 ferentibuS,
1259 1265 1456 1316 quarum
1488 1248 1832 1315 productionem
1858 1253 2116 1318 praecedunt*
2137 1257 2284 1322 flores,

485 1328 723 1396 probabile
750 1328 828 1391 est,
866 1323 962 1374 suos
977 1341 1116 1394 quoq3
1139 1319 1281 1371 adeffe
1312 1321 1506 1389 calyces,
1534 1321 1641 1370 curn
1653 1320 2102 1376 tenelluminclusum
2119 1328 2287 1377 florem

483 1402 746 1453 custodiant.
815 1406 866 1450 In
893 1405 1037 1462 tritico,
1067 1405 1114 1447 &
1129 1401 1345 1460 avenaceis,
1374 1394 1646 1463 cumplures
1671 1399 1924 1465 germinent
1938 1399 2083 1466 flores,
2106 1401 2289 1471 copiosa

484 1481 649 1545 pariter
663 1492 907 1527 occurrunt
925 1472 1052 1538 folia,
1087 1472 1249 1542 quibus
1275 1471 1440 1538 calycis
1457 1488 1622 1520 munus
1641 1470 1859 1539 expletur.
1927 1477 1978 1523 In
1993 1491 2117 1527 avena
2128 1494 2289 1554 namq3

491 1570 506 1599 1
522 1556 598 1615 28,
635 1554 659 1601 a
686 1552 865 1601 calamo
891 1556 927 1601 A
948 1551 1186 1617 geminum
1201 1545 1362 1594 folium
1375 1546 1434 1607 Β,
1467 1547 1512 1607 C,
1545 1562 1804 1594 concavum
1833 1549 2020 1614 eminet,
2055 1551 2182 1620 quod
2207 1571 2289 1601 ex-

485 1626 756 1675 currentibus
782 1625 1065 1694 perlongum
1080 1620 1199 1670 fibris
1212 1627 1258 1669 &
1288 1617 1553 1687 interpositis
1569 1619 1769 1667 utriculis
1797 1623 2015 1672 excitatur
2033 1643 2044 1672 :
2082 1627 2288 1676 Succedit

483 1696 678 1767 superius
703 1705 885 1750 tertium
912 1695 1078 1746 folium
1099 1699 1163 1757 D,
1190 1694 1312 1762 quod
1335 1693 1493 1761 gluma
1515 1691 1691 1754 dicitur,
1723 1711 1979 1744 concavum
1996 1737 2010 1759 ,
2034 1697 2288 1768 oblongam

484 1773 706 1823 hastulam
734 1779 773 1823 E
807 1788 1023 1841 promens
1030 1811 1043 1834 ,
1081 1775 1127 1818 &
1143 1767 1258 1836 pilos
1272 1768 1312 1815 F
1325 1799 1336 1834 3
1371 1766 1471 1815 huic
1485 1763 1654 1834 gracile
1667 1769 1909 1834 opponitur
1921 1764 2084 1819 folium
2099 1774 2154 1837 G,
2178 1790 2291 1844 quo²

480 1847 620 1896 veluti
644 1849 790 1916 porta,
827 1847 1087 1895 concavitas
1114 1842 1278 1892 florem
1296 1843 1357 1890 H
1362 1842 1594 1888 continens
1622 1838 1890 1890 occluditur.

548 1924 677 1969 Licet
691 1926 821 1989 igitur
850 1939 905 1968 ex
922 1920 1085 1968 horum
1113 1917 1323 1984 indagine
1348 1913 1569 1982 suspicari,
1602 1912 1734 1961 flores
1764 1912 1918 1982 calyce
1948 1916 2125 1985 donari,
2158 1925 2288 1993 utip-

483 1992 633 2041 sorum
650 1994 792 2041 adhuc
808 1993 929 2042 renel
940 1992 984 2041 la
1001 1991 1215 2041 structura
1235 1987 1528 2035 custodiatur.
1562 1986 1814 2054 Elongatur
1827 2004 1980 2038 autem
1992 1991 2052 2041 ab
2063 2011 2291 2047 attenuata,

479 2069 652 2114 corticis
668 2066 839 2134 &ligni
869 2062 1124 2126 substantia,
1150 2077 1198 2111 ut
1227 2075 1350 2130 patet
1380 2063 1426 2108 in
1450 2058 1625 2126 mespilis,
1655 2064 1791 2126 pomis,
1813 2068 1861 2111 δε
1886 2066 1984 2114 malo
1997 2065 2149 2117 ‘Punica
2171 2090 2258 2138 ¹29
2272 2100 2287 2138 3

481 2143 525 2187 in
557 2158 647 2208 qua
677 2141 702 2189 a
720 2138 857 2189 craffo
875 2140 1040 2187 cortice
1053 2143 1106 2201 A,
1141 2133 1348 2185 conclusa
1373 2132 1541 2183 lemina
1556 2132 1801 2198 ambiente,
1834 2138 2066 2206 angularia
2084 2149 2288 2197 eminent

487 2216 596 2268 folia
622 2222 680 2282 Β,
716 2222 739 2268 ὲ
758 2238 955 2287 quorum
969 2221 1173 2267 interiori
1199 2219 1407 2286 portione
1427 2217 1459 2264 C
1472 2214 1592 2263 floris
1615 2230 1762 2283 partes
1776 2233 2019 2287 erumpunt
2039 2240 2051 2270 t
2087 2225 2288 2277 Eviden-

484 2297 567 2341 tius
597 2296 643 2341 in
656 2298 802 2356 cin-ara,
835 2295 980 2358 (cujus
1006 2292 1166 2357 calycis
1194 2291 1305 2340 folia
1333 2290 1597 2338 craffiora&
1613 2288 1840 2356 ampliora
1865 2291 1986 2360 sunt)
2003 2315 2286 2365 componen-

488 2385 552 2419 tes
583 2385 728 2435 partes
752 2381 1003 2434 emergunt.

552 2442 690 2493 Varie
722 2439 1061 2508 configurantur
1079 2438 1242 2506 calycis
1274 2433 1400 2501 folia,
1434 2452 1482 2485 ut
1494 2436 1746 2505 plurimum
1759 2451 1913 2487 tamen
1927 2441 2159 2508 angularia
2174 2444 2285 2513 fiant,

484 2519 535 2563 &
563 2513 761 2564 dentata.
831 2518 881 2562 In
893 2518 1073 2564 Maracot
1093 2515 1273 2562 Indorum
1309 2530 1415 2580 130,
1441 2514 1597 2579 quinq3
1623 2507 1719 2560 sunt
1745 2506 1857 2559 folia
1883 2517 1921 2563 A
1937 2531 2157 2582 concava,
2183 2538 2282 2590 quae

482 2592 607 2637 unita
631 2587 853 2637 tenellum
867 2586 1022 2637 fovent
1035 2587 1196 2637 florem
1210 2618 1223 2649 ,-
1258 2588 1305 2633 in
1319 2587 1449 2653 apice
1464 2625 1478 2647 ,
1510 2579 1752 2651 styliformi
1770 2585 2018 2654 appendice
2044 2590 2085 2637 Β
2111 2591 2286 2644 donan-

482 2678 564 2711 tur.
636 2667 687 2711 In
723 2662 816 2712 rubo
834 2668 983 2725 canino,
1016 2668 1062 2710 δι
1079 2663 1171 2727 rofis
1188 2678 1284 2728 131,
1312 2658 1521 2727 qua-dam
1536 2656 1697 2725 calycis
1722 2659 1953 2726 interjecta
1982 2658 2088 2714 folia
2104 2665 2287 2736 elegan-

483 2736 601 2789 tibus
634 2737 833 2786 ditantur
859 2735 1207 2804 appendicibus3
1241 2732 1453 2801 angulare
1467 2748 1627 2799 namq3
1654 2730 1820 2782 folium
1834 2740 1873 2783 A
1881 2734 2130 2805 elongatur,
2156 2743 2285 2809 quod

482 2816 508 2860 a
523 2812 728 2861 lateribus
743 2811 1010 2879 appendices
1028 2811 1066 2856 Β
1082 2805 1264 2877 profert,
1275 2825 1470 2875 quarum
1487 2823 1705 2855 extremas
1717 2811 1993 2858 acuminatas
2018 2810 2201 2862 lacinias
2214 2834 2285 2866 ru.

482 2885 663 2935 bicundi
680 2882 803 2955 fungi
819 2888 864 2948 C,
885 2884 1233 2934 terebinthinam
1249 2879 1495 2943 fundentes,
1521 2883 1780 2930 terminant.
1797 2884 1877 2930 His
1891 2888 1938 2931 &
1952 2881 2172 2935 fimilibus
2198 2891 2283 2940 cir-

482 2962 746 3030 cumscripta
761 2963 961 3011 terminis
974 2960 1132 3028 calycis
1145 2955 1304 3007 foliola
1322 2954 1401 3004 suis
1414 2956 1643 3005 interdum
1656 2974 1884 3008 armantur
1901 2956 2032 3026 spinis
2047 3001 2060 3024 ,
2086 2963 2195 3011 utin
2210 2980 2281 3029 pa-

483 3051 623 3101 pavere
638 3054 759 3104 patet
783 3055 797 3084 1
814 3055 831 3104 3
847 3056 890 3099 2,
903 3053 1025 3102 cujus
1042 3036 1224 3103 gemina
1239 3031 1402 3100 calycis
1416 3028 1526 3079 folia
1539 3037 1576 3082 A
1589 3037 1784 3082 recurvis
1801 3032 1930 3103 spinis
1944 3036 1985 3083 Β
1998 3039 2184 3086 exterius
2203 3058 2283 3088 co..

491 3115 813 3178 operiuntur,in
830 3130 1024 3180 quarum
1041 3128 1197 3161 exortu
1216 3109 1487 3160 monticulus
1501 3111 1532 3157 C
1542 3110 1742 3159 utriculis
1753 3111 1955 3162 constans
1968 3115 2137 3162 eminet
2157 3134 2166 3163 ε
2184 3120 2281 3167 Sin-

490 3188 596 3251 gula
622 3188 712 3237 haec
726 3185 842 3236 folia
870 3205 1078 3237 extremo
1106 3205 1253 3255 ungue
1280 3189 1578 3235 terminantur
1594 3226 1608 3248 ,
1631 3190 1710 3254 qui
1742 3207 1796 3236 ex
1820 3207 1912 3236 uno
1939 3187 2079 3238 latere
2103 3193 2149 3240 D
2165 3193 2280 3242 adeo

494 3260 770 3325 gracilescit,
808 3280 855 3310 ut
883 3258 1011 3311 facile
1039 3260 1229 3330 oppofiti
1244 3258 1342 3310 folii
1376 3264 1415 3312 E
1442 3261 1700 3310 craffiorem
1741 3261 1953 3312 subintret
1966 3262 2188 3327 limbum,
2228 3271 2278 3314 &

489 3335 552 3381 ita
574 3333 697 3380 nulla
727 3333 924 3384 succedat
950 3337 1132 3386 rimula.
1214 3340 1264 3384 In
1290 3339 1420 3385 cinara
1450 3340 1498 3383 &
1524 3334 1659 3383 carduo
1670 3335 1857 3404 sylvestri
1874 3376 1888 3400 ,
1925 3334 2141 3386 foliorum
2164 3355 2279 3406 apex

493 3401 520 3453 s
508 3406 614 3473 pina
633 3422 832 3455 armatur
850 3438 862 3468 3
891 3411 939 3455 in
958 3408 1062 3457 rosis
1074 3408 1185 3458 vero
1201 3403 1324 3477 fungi
1348 3413 1396 3457 &
1412 3407 1493 3477 pili
1515 3409 1760 3458 abundant.

561 3485 701 3548 Supra
726 3478 925 3546 calycem
940 3483 965 3529 a
989 3482 1176 3532 dilatato
1197 3484 1325 3533 caule
1340 3483 1414 3533 vel
1447 3482 1622 3552 petiolo
1648 3501 1889 3552 erumpunt
1915 3483 2033 3530 Horis
2056 3487 2277 3554 praecipue

493 3573 777 3619 ornamenta,
791 3553 894 3622 folia
921 3554 1007 3605 scil.
1020 3558 1151 3607 Tam
1168 3560 1291 3611 varie
1306 3559 1398 3610 haec
1412 3557 1766 3629 configurantur,
1782 3565 1828 3606 &
1843 3557 2114 3622 colorantur,
2126 3576 2175 3608 ut
2186 3565 2276 3609 im-

2075 3633 2276 3699 poffibile
