2600 3952
862 170 1172 237 QAnatome
1198 167 1548 239 ff'lantaram,

307 290 434 359 pilis3
471 291 650 340 interius
663 289 776 339 vero
788 290 1039 336 concavitas
1056 288 1263 354 quaedam
1292 295 1508 341 excitatur
1530 310 1540 339 z
1573 292 1757 339 Auffius
1778 287 2001 338 redditum
2017 286 2084 335 fo-

308 364 520 416 liolumE
540 361 697 413 senfim
725 361 986 421 extenditur,
1019 358 1247 426 magisque
1271 376 1451 428 turgent
1477 364 1614 414 oleosr
1640 364 1844 415 utriculi:
1866 362 2084 413 Tandem

309 440 496 488 excitata
521 437 648 485 crena
666 438 775 482 inter
793 431 1025 500 pediolum
1039 434 1077 479 F
1098 438 1145 479 &
1161 431 1389 500 reliquum
1406 439 1444 482 G
1460 433 1574 499 folii,
1589 442 1808 487 exteriora
1821 439 1972 488 versus
1987 457 2085 487 cur-

309 526 451 561 vatur.
518 509 686 558 Potiori
709 505 944 554 accedente
971 507 1253 554 incremento
1280 524 1389 555 vera
1414 503 1510 554 folii
1547 507 1708 575 species
1735 513 1941 574 advenit,-
1969 512 2083 560 aco-

310 582 420 632 stula
433 586 555 630 enim
574 583 634 629 H
654 580 810 647 ligneae
836 577 956 627 fibrae
970 578 1265 640 difamantur,
1299 582 1367 627 cui
1384 579 1585 647 pediolus
1601 585 1790 648 propriis
1808 583 1986 651 stipatus
2005 603 2086 653 ap„

307 654 562 721 pendicibus
577 657 899 702 Iconnectitur.
966 653 1142 701 TraCtu
1158 655 1372 720 temporis
1386 656 1576 721 geminae
1593 652 1690 700 folii
1717 670 1863 721 partes
1877 659 1926 718 l<
1939 697 1951 719 ,
1975 659 2084 707 vefi-

306 727 415 776 culis
430 725 612 788 refertae,
627 726 851 789 laxantur,
885 732 932 774 &
955 725 1078 774 hiare
1092 728 1326 794 incipiunt,
1353 727 1476 794 quod
1503 727 1624 776 idem
1639 727 1825 795 pediolo
1840 732 2085 799 contingit5

307 807 356 850 ἅ,
381 801 612 869 postremo
640 803 686 847 in
710 800 905 869 expanso
932 796 1048 850 folio
1080 801 1278 870 pediolus
1293 805 1330 849 L
1354 820 1458 850 cum
1480 803 1669 870 geminis
1682 801 1997 872 appendicibus
2022 809 2088 868 M,

305 874 479 922 caducis
492 871 654 922 foliolis
685 875 898 944 analogis,
922 891 999 942 pet
1027 876 1386 924 articulationem
1399 877 1453 924 N
1470 874 1683 943 elongatae
1713 875 1886 925 costulae
1904 880 2088 927 Oconti-

306 964 483 996 nuatur.

372 1021 596 1086 Qaedam
612 1024 776 1091 pariter
789 1020 1028 1071 herbarum
1050 1018 1161 1070 folia
1179 1022 1372 1091 analogo
1391 1038 1600 1091 vegetant
1616 1025 1920 1092 incremento3
1955 1027 2015 1072 ita
2041 1026 2089 1073 in

305 1097 491 1161 aquilegia
507 1097 586 1159 64,
597 1113 791 1164 gemmae
805 1091 912 1144 folia
925 1099 961 1146 A
983 1093 1190 1144 obtusam
1206 1096 1319 1146 hanc
1345 1095 1535 1165 figuram
1551 1100 1798 1165 acquirunt,
1824 1098 1848 1146 a
1863 1102 1984 1165 cujus
1996 1102 2090 1167 api-

305 1184 356 1214 ce
369 1169 661 1236 appendicula
677 1170 717 1217 Β
733 1187 987 1237 erumpens,
1021 1164 1135 1232 folii,
1161 1174 1282 1236 cujus
1297 1173 1497 1219 minimae
1517 1186 1662 1239 partes
1677 1172 1709 1219 C
1720 1169 1996 1239 conglobatae
2011 1189 2091 1240 pa-

305 1258 407 1288 rum
421 1246 636 1306 eminent,
671 1243 977 1293 rudimentum
992 1241 1183 1292 exhibet.
1252 1243 1526 1294 Succedente
1550 1247 1845 1310 incremento,
1872 1245 2091 1296 laciniatae

305 1310 406 1363 folii
434 1334 580 1385 partes
594 1322 656 1381 D,
685 1321 973 1386 invicemque
1001 1316 1279 1386 complicatae
1306 1314 1662 1382 manifestantur,
1691 1325 1739 1368 ἃ,
1766 1316 1861 1369 folii
1889 1320 2091 1389 pediolus

305 1393 345 1438 E
357 1407 581 1440 concavus
597 1399 643 1442 δε
659 1393 775 1442 latus
790 1393 993 1441 luxuriat.

371 1464 630 1513 Evidentiiis
650 1464 736 1514 hoc
749 1465 870 1513 idem
886 1464 1230 1531 deprehenditur
1249 1467 1296 1511 in
1300 1469 1493 1531 graminis
1511 1467 1568 1530 65
1597 1485 1801 1534 gemma,
1825 1471 1946 1534 cujus
1961 1465 2091 1518 folio⁶

303 1533 351 1581 la
376 1537 630 1584 acuminata
662 1537 862 1584 constant
888 1533 1032 1583 forma
1049 1540 1086 1583 A
1094 1567 1106 1601 3
1139 1536 1232 1582 haec
1260 1539 1309 1582 in
1333 1540 1459 1602 apice
1492 1542 1679 1588 Zonam
1709 1541 1750 1587 Β
1775 1541 1903 1589 diluti
1930 1542 2092 1591 coloris

302 1611 492 1674 promit,
520 1607 546 1655 a
571 1623 662 1674 qua
683 1606 764 1673 pili
797 1609 832 1655 C
853 1622 1128 1673 erumpunt:
1165 1608 1419 1658 Accedente
1446 1610 1647 1659 ulteriori
1677 1615 1954 1663 incremento
1974 1616 2092 1664 ultra

305 1684 494 1730 Zonam
507 1685 550 1731 D
566 1679 722 1731 stabile
737 1677 901 1729 folium
917 1684 955 1730 E
968 1679 1243 1747 producitur,
1271 1679 1488 1751 elongatis
1505 1681 1661 1751 ligneis
1671 1682 1793 1734 fibris
1811 1693 1859 1736 &
1876 1686 2029 1739 fistulis
2044 1692 2093 1752 123

304 1754 428 1819 quod
442 1751 597 1803 sensim
610 1753 854 1802 adauctum
876 1757 915 1802 G
928 1752 1136 1804 deorsum
1149 1752 1354 1818 flestitur,
1382 1762 1429 1805 δε
1445 1759 1584 1806 Zona
1598 1761 1712 1806 inter
1727 1760 1961 1826 pediolum
1974 1767 2092 1816 H&

302 1825 465 1875 folium
480 1827 666 1877 Glatior
692 1826 918 1889 redditur,
950 1830 1071 1893 cujus
1097 1828 1306 1876 interiora
1335 1827 1416 1895 pili
1440 1831 1468 1875 I
1484 1845 1646 1878 ornant
1667 1847 1678 1877 τ
1718 1832 1934 1884 Tandem
1962 1836 2088 1888 hian-

303 1914 345 1948 te
357 1896 469 1950 folio
484 1902 563 1965 K,
598 1905 734 1951 Zona
744 1903 797 1963 L,
820 1916 916 1968 quae
930 1898 993 1949 sui
1006 1902 1181 1969 generis
1193 1900 1336 1949 nodus
1351 1900 1430 1962 est,
1443 1900 1647 1968 decolor,
1675 1903 1891 1958 fibrarum
1905 1927 2088 1963 contex-

302 1989 352 2022 tu
365 1976 569 2036 excitata,
593 1974 699 2024 loco
711 1973 885 2023 articuli
898 1972 1106 2023 inseritur.

369 2046 467 2094 Tot
495 2049 627 2114 igitur
651 2044 969 2094 mutationibus
1001 2044 1172 2094 diversa
1195 2065 1434 2111 gemmarum
1464 2065 1627 2113 genera
1657 2055 1983 2104 incrementum
1997 2053 2088 2106 sor-

305 2119 483 2166 tiuntur.
535 2119 704 2186 Aliqua
725 2136 880 2169 tamen
908 2116 1160 2186 supersunt,
1192 2135 1389 2185 quorum
1415 2120 1760 2186 productionem
1785 2129 1961 2178 Natura
1991 2150 2086 2184 non

305 2208 432 2241 tanto
445 2194 640 2259 partium
655 2204 870 2258 apparatu
880 2190 1031 2238 moliri
1046 2190 1234 2239 videtur.

372 2269 437 2314 Ita
450 2268 496 2311 in
508 2264 668 2334 brassica
686 2266 766 2327 66,
779 2269 826 2312 δι
843 2261 1071 2324 fininibus,
1099 2281 1334 2330 erumpens
1355 2282 1541 2331 gemma
1568 2273 1607 2316 A
1626 2268 1739 2316 binis
1763 2274 1952 2322 exterius
1972 2279 2088 2324 exci-

305 2352 420 2385 tatur
433 2333 566 2398 foliis,
592 2337 828 2403 aquorum
855 2333 991 2382 crassb
1020 2334 1206 2401 pediolo
1227 2336 1286 2397 Β,
1312 2335 1493 2402 graciles
1515 2338 1752 2410 crispaeque
1777 2346 2044 2412 appendices
2059 2352 2093 2397 C

304 2409 517 2478 pendent,
551 2416 600 2458 &
613 2406 840 2457 successiva
854 2411 1132 2476 vegetatione
1146 2411 1193 2456 in
1206 2405 1367 2458 folium
1381 2412 1672 2463 extenduntur
1692 2434 1702 2463 ε
1741 2420 1792 2465 In
1804 2419 1900 2468 aliis
1920 2438 2090 2491 autem,

305 2487 414 2532 utin
431 2482 611 2551 anchusa,
625 2488 792 2550 eryngio,
812 2485 928 2549 rapis,
946 2488 993 2531 δι
1007 2481 1208 2552 analogis
1221 2482 1431 2547 bulbofis,
1447 2484 1503 2534 ab
1519 2489 1705 2556 antiquo
1718 2490 1939 2542 cauliculo
1963 2514 2091 2564 gem-

305 2574 391 2604 mae
405 2554 624 2624 affurgunt
653 2554 936 2623 complicatis
951 2553 1134 2619 foliolis,
1158 2573 1358 2626 quorum
1381 2558 1561 2607 costulae
1581 2579 1670 2627 prae
1683 2568 1847 2614 caeteris
1876 2573 2094 2630 eminent,

307 2627 435 2676 nullo
449 2645 714 2695 erumpente
730 2626 904 2677 caduco
915 2624 1028 2676 folio
1042 2659 1055 2691 ‚-
1090 2631 1214 2695 quod
1231 2636 1278 2679 &
1290 2633 1337 2678 in
1340 2631 1460 2698 salice
1489 2631 1675 2700 superius
1689 2638 1927 2688 innuimus.

373 2700 677 2750 Lustravimus
690 2698 911 2768 hucusque
924 2698 1091 2750 diversa
1111 2697 1329 2753 foliorum
1345 2706 1618 2758 incrementa
1636 2748 1650 2771 ‚
1683 2727 1779 2778 quae
1794 2714 1949 2780 paffim
1964 2734 2083 2767 exte-

307 2778 478 2824 riorem
496 2791 656 2843 gemma
681 2776 913 2842 regionem
929 2792 1228 2844 componunt.
1295 2782 1352 2828 Et
1380 2784 1602 2846 quoniam
1616 2801 1708 2833 non
1721 2783 1891 2855 fingula
1912 2783 2087 2853 foliola,

309 2847 472 2916 quibus
486 2865 663 2917 gemme
682 2849 970 2915 integrantur,
997 2850 1191 2899 eandem
1216 2855 1600 2920 organizationem
1629 2863 1676 2906 δε
1693 2876 1985 2929 augmentum
2002 2861 2092 2912 sor-

307 2924 493 2984 tiuntur,
509 2921 610 2970 ideo
621 2919 813 2988 quedam
827 2923 948 2970 circa
973 2921 1064 2972 haec
1082 2927 1308 2974 monenda
1322 2928 1519 2975 veniunt.

316 3058 319 3060 ‚
376 2997 428 3041 ln
441 3013 580 3060 quercu
599 2995 658 3052 67
677 2995 822 3061 igitur,
838 2997 985 3045 versus
999 3013 1177 3064 gemme(²
1189 3001 1363 3065 apicem
1378 2999 1591 3067 precipue,
1605 3001 1690 3049 una
1705 3004 1811 3052 cum
1823 3005 2001 3055 caducis
2025 3004 2090 3058 fo-

309 3062 431 3115 liolis
443 3070 481 3118 A
489 3065 646 3115 stabile
675 3063 839 3115 folium
856 3071 1038 3132 eminet,
1066 3071 1188 3137 quod
1203 3071 1340 3120 crasso
1368 3071 1552 3139 pediolo
1565 3075 1622 3137 Β,
1651 3076 1939 3148 multumque
1962 3078 2091 3132 succo

309 3141 487 3208 turgido
501 3139 685 3204 constat,
710 3140 735 3188 ὲ
747 3155 843 3207 quo
858 3148 1077 3210 protracta
1106 3143 1275 3194 costula
1290 3147 1322 3192 C
1332 3165 1436 3195 cum
1449 3146 1585 3210 fibris,
1614 3145 1711 3199 folii
1724 3152 2093 3205 inchoamentum

310 3215 486 3262 excitat.
555 3215 681 3262 Idem
708 3216 925 3264 miramur
948 3219 995 3264 in
1018 3219 1127 3266 malis
1150 3219 1304 3284 perficis
1333 3225 1381 3268 &
1405 3223 1607 3290 amygdalis
1622 3265 1635 3287 ,
1660 3242 1853 3293 quarum
1878 3225 2092 3279 foliolum

310 3283 451 3335 crassa
469 3286 639 3335 costula
665 3289 709 3335 D
725 3292 1032 3355 componitur,
1062 3290 1330 3342 adstantibus
1343 3294 1516 3343 caducis
1531 3293 1697 3346 foliolis
1711 3303 1750 3348 E
1776 3300 1906 3351 valde
1921 3303 2091 3372 gracili-

310 3358 413 3426 bus,
449 3364 497 3407 δι
523 3357 756 3426 postremo
783 3362 829 3407 in
854 3364 951 3410 ulmo
974 3380 1094 3412 tanta
1120 3364 1183 3412 est
1219 3364 1396 3414 costulae
1413 3369 1451 3414 F
1483 3374 1530 3416 &
1558 3369 1727 3436 pedioli
1745 3376 1784 3422 G
1813 3378 2017 3426 craffities
2044 3383 2091 3427 ἅς

311 3433 533 3497 turgentia
549 3471 563 3494 ,
599 3448 649 3481 ut
676 3433 738 3481 nil
766 3436 935 3483 mirum
953 3476 966 3497 ,
998 3435 1028 3484 si
1055 3438 1218 3485 caduca
1244 3434 1404 3488 foliola
1422 3443 1482 3489 H
1493 3444 1682 3495 minima
1700 3446 1882 3498 adstent,

374 3505 564 3555 Foliorum
589 3505 688 3555 situs
705 3510 817 3557 intra
837 3527 994 3575 gemmae
1018 3509 1206 3559 claustra
1221 3511 1436 3563 mirabilis
1451 3518 1617 3582 pariter
1627 3518 1717 3588 est3
1752 3525 1812 3571 ita
1828 3525 1952 3573 enim
1981 3519 2095 3590 ipso-

1991 3615 2093 3647 rum
