2600 3952
369 202 406 252 6
880 187 1322 246 MARCELLI
1394 174 1868 234 MALPIGHII

525 336 628 368 ‚mm
660 325 961 383 augmentum.
1029 306 1097 350 Ex
1120 299 1204 348 hoc
1233 297 1442 367 colligere
1469 294 1531 347 fas
1555 296 1634 359 est,
1662 296 1932 365 praecipuam
1961 293 2172 344 arborum
2199 317 2301 366 par-

524 410 616 441 tem
630 389 710 437 effe
724 384 892 435 corticis
911 377 1180 444 portionem,
1208 389 1307 441 quae
1326 373 1449 442 ligno
1472 375 1661 422 nectitur
1681 411 1695 435 ,
1727 373 1849 437 cujus
1871 388 1958 438 ope
1983 367 2146 437 plantae
2159 374 2302 423 vitam

522 472 793 529 perpetuant,
818 453 942 511 (utin
948 447 1085 515 salice,
1112 449 1259 513 populo,
1285 449 1432 497 &oleis
1447 451 1699 515 experimur
1714 448 1762 513 3)
1798 451 1846 495 &
1872 447 2092 494 austiores
2112 445 2303 496 reddun-

522 550 589 580 tur
604 531 769 587 trunci,-
794 524 1067 592 germinatio
1079 525 1191 570 item
1220 527 1267 569 &
1298 519 1554 570 foecunditas
1588 518 1833 568 succedunt.
1901 522 2019 568 Hinc
2038 517 2140 568 loco
2175 523 2306 588 tutelg

522 604 703 652 exterior
728 600 897 647 corticis
911 598 1087 664 portic,
1119 613 1216 662 quae
1240 591 1489 661 plurimum
1522 595 1634 641 aeris
1663 594 1834 659 injuria,
1869 600 1918 644 &
1948 593 2213 664 transpiratu
2240 612 2305 647 ta-

523 672 708 737 befacta,
730 676 947 722 exanimis
981 676 1030 718 δι
1059 667 1199 735 rigida
1227 667 1435 728 redditur,-
1464 667 1558 715 libro
1574 665 1761 729 additur,
1788 671 1867 734 qui
1891 674 1939 717 &
1961 671 2142 719 interius
2166 673 2306 721 etiam

522 747 766 816 subjectum
791 747 964 813 lignum
987 756 1080 789 non
1107 758 1267 807 parum
1292 754 1469 788 tutatur.
1543 743 1698 803 Qare
1723 740 1955 807 probabile
1988 743 2076 806 est,
2101 744 2307 817 plantas,

522 840 712 890 quarum
727 819 871 869 caules
895 816 1096 864 annotini
1110 812 1220 874 sunt,
1243 812 1320 861 vel
1331 811 1490 860 saltem
1513 829 1592 879 per
1620 812 1809 881 longum
1838 830 2013 885 tempus
2026 835 2119 866 non
2132 820 2306 885 durant,

525 915 606 945 nec
621 895 759 963 lignea
791 893 992 959 portione
1022 891 1069 935 in
1092 885 1347 953 cylindrum
1371 886 1677 955 coagmentata
1691 886 1896 954 gaudent,
1917 896 1943 940 a
1957 894 2134 942 Natura
2146 899 2307 946 cortice

523 969 703 1037 privari,
719 964 899 1031 solaque
910 959 1114 1022 cuticula,
1130 959 1206 1008 vel
1219 961 1388 1028 exiguis
1399 957 1614 1008 fibrarum
1629 957 1837 1011 fasciculis
1851 963 2006 1014 donari
2020 997 2032 1033 3
2068 969 2113 1015 in
2128 968 2308 1037 reliquis

522 1041 648 1103 vero,
663 1043 705 1089 in
717 1037 875 1107 quibus
897 1055 973 1104 per
991 1035 1182 1102 longum
1195 1051 1369 1102 tempus
1390 1036 1580 1102 exigitur
1597 1051 1904 1101 augmentum,
1920 1042 1964 1086 in
1979 1043 2154 1103 cortice,
2185 1044 2311 1096 velut

525 1120 572 1164 in
586 1118 736 1184 prima
749 1111 993 1161 staminum
1018 1108 1332 1170 delineatione,
1355 1107 1606 1177 lignearum
1620 1104 1836 1158 fibrarum
1858 1112 2035 1162 ordines
2050 1118 2097 1163 in
2110 1117 2205 1167 libro
2229 1137 2308 1188 pa-

524 1194 626 1254 rari,
654 1196 699 1239 δι
714 1189 895 1256 deponi,
905 1200 956 1234 ut
968 1183 1080 1235 stato
1091 1199 1296 1252 tempore
1307 1186 1525 1234 auctiores
1550 1198 1796 1251 emergant.

668 1493 774 1557 De
802 1488 1046 1573 partibus
1066 1488 1104 1552 C
1106 1488 1283 1552 aulem
1302 1489 1395 1551 ‘vel
1414 1486 1454 1551 C
1458 1486 1702 1552 audicem
1740 1489 2172 1568 componentibus,

669 1655 811 1709 Vulso
841 1655 1111 1723 lustratoque
1136 1656 1319 1716 cortice,
1342 1655 1505 1703 caudicia
1519 1649 1591 1702 seu
1615 1654 1732 1701 caulis
1751 1671 1910 1722 corpus
1923 1658 2125 1719 occurrit,
2144 1675 2238 1727 quo
2251 1677 2318 1708 ar.

703 1728 883 1779 boribus
911 1735 957 1777 δε.
971 1727 1113 1778 herbis
1126 1726 1313 1776 firmitas
1327 1727 1600 1775 conciliatur.
1646 1726 1836 1776 Thorax
1857 1721 1921 1777 est
1944 1731 2097 1779 multis
2110 1731 2318 1783 vasorum

530 1804 763 1872 generibus
789 1801 1113 1869 visceribusque
1140 1802 1416 1868 compactus,
1452 1817 1536 1868 que
1559 1814 1652 1847 uno
1672 1803 1790 1868 Ligni
1817 1806 2006 1851 nornine
2035 1805 2082 1851 in
2094 1803 2322 1856 arboribus

531 1881 770 1945 antiquitas
790 1875 1173 1944 complectebatur
1186 1906 1198 1940 3
1232 1871 1475 1922 distinstius
1486 1872 1614 1935 vero,
1642 1870 1873 1936 fibrarum,
1885 1893 2143 1941 nervorum,
2165 1883 2320 1951 carnis,

536 1948 607 1997 seu
621 1950 780 2017 pulpae,
793 1956 841 2000 δι
853 1947 1049 2006 ΠιεάυΙΙς
1059 1945 1436 2016 appellationibus
1450 1944 1756 2014 distinguebat.
1822 1950 1929 1997 Haec
1952 1966 2103 2000 autem
2116 1968 2214 2002 tam
2228 1957 2322 2004 exi·

533 2040 671 2089 guam
685 2023 780 2071 sunt
804 2024 955 2072 sortita
979 2022 1170 2082 molem,
1194 2036 1384 2088 tamque
1396 2022 1593 2070 invicem
1607 2021 1827 2089 implicita
1842 2040 2161 2094 propagantur,
2179 2043 2227 2078 ut
2239 2047 2324 2098 pro

531 2096 593 2145 sui
609 2101 815 2146 examine
841 2098 1026 2165 longam
1049 2097 1229 2163 exigant
1241 2095 1512 2162 indaginem.

599 2170 857 2238 Simplicior
886 2174 1020 2238 igitur
1044 2184 1301 2217 contextura
1328 2171 1376 2216 in
1401 2166 1575 2216 tenellis
1585 2167 1784 2217 caulibus
1805 2168 2008 2220 herbarum
2021 2179 2238 2240 occurrit,
2272 2184 2323 2228 ἃ.

322 2245 502 2307 TAB.4.
535 2246 752 2312 praecipue
770 2249 814 2291 in
832 2244 1041 2292 (Portulaca
1054 2245 1189 2308 majori
1212 2261 1259 2310 ¹3
1281 2274 1293 2309 3
1327 2257 1427 2310 quae
1437 2259 1514 2309 per
1527 2240 1821 2293 transversum
1835 2242 2228 2307 s‘ec'tassmmediat&
2246 2252 2325 2303 ffib

535 2323 716 2380 cortice,
743 2320 822 2385 qui
847 2320 980 2365 variis
1002 2316 1298 2364 utriculorum
1312 2311 1500 2362 seriebus
1510 2316 1739 2378 Aconstat,
1765 2318 1993 2384 inaequalis
2007 2325 2324 2390 magnitudinis

536 2389 758 2440 fasciculos
785 2387 966 2439 fibrosos
992 2391 1032 2437 Β
1056 2387 1260 2438 exhibet:
1297 2390 1358 2437 Hi
1387 2387 1543 2455 ligneis
1566 2386 1717 2436 fistulis
1738 2388 2015 2458 perlongum
2037 2394 2195 2462 ductis,
2220 2417 2324 2468 per„

538 2465 750 2514 similibus
761 2469 857 2532 jam
869 2463 1143 2532 deprehensis
1172 2467 1219 2510 in
1244 2463 1419 2524 cortice,
1445 2460 1673 2530 constant3
1706 2467 1754 2512 in
1773 2462 1928 2511 medio
1954 2467 2063 2517 vero
2085 2470 2173 2520 alia
2197 2471 2322 2524 hiant

540 2537 643 2588 vasa
676 2540 726 2606 C,
758 2555 840 2606 que
864 2538 1082 2606 perpetuo
1105 2535 1262 2606 patula
1290 2534 1386 2584 sunt
1404 2574 1417 2598 ,
1447 2535 1661 2602 &spiralia
1692 2538 1874 2584 interim
1904 2539 2133 2608 appellare
2158 2544 2323 2597 licebit.

540 2616 582 2662 A
595 2612 757 2662 fibrofis
770 2610 981 2661 fasciculis
1005 2611 1204 2681 pendent
1231 2607 1408 2659 utriculi
1422 2612 1467 2658 D
1484 2607 1685 2678 oblongi,
1714 2613 1795 2677 qui
1819 2608 1975 2660 sensim
1989 2619 2183 2683 maj01es
2195 2619 2324 2685 fiunt,

540 2687 821 2756 pluribusque
849 2687 1009 2736 scatent
1036 2685 1231 2754 angulis,
1257 2700 1307 2733 ut
1341 2679 1509 2732 facilius
1532 2686 1728 2735 invicem
1767 2683 2056 2752 adaptentur:
2104 2694 2219 2743 Levi
2247 2714 2322 2745 ex-

541 2764 759 2825 citantur,
791 2762 1008 2831 pellucida
1053 2759 1366 2827 diaphanaque
1401 2755 1693 2823 membrana,
1739 2764 1788 2808 &
1822 2758 2020 2811 decolori
2047 2780 2222 2834 turgent
2240 2769 2322 2817 hu..

541 2854 685 2885 more.

610 2914 657 2957 In
669 2915 786 2960 tritici
801 2910 954 2959 culmo
976 2928 1049 2972 14,
1084 2906 1351 2975 reliquisque
1376 2904 1703 2968 confimilibus,
1729 2910 1870 2957 tenuis
1883 2907 2006 2972 licet,
2040 2911 2162 2979 quafi
2175 2912 2323 2965 fistula

549 2990 595 3031 δι
615 2985 759 3048 tubus,
789 3002 1025 3036 excavatur
1049 2981 1291 3049 cylindrica
1315 2980 1448 3029 caulis
1472 2978 1719 3030 substantia.
1787 2982 2024 3032 Consimili
2049 2987 2321 3058 gaudetpas-

549 3063 665 3108 tium
690 3078 902 3128 apparatu
925 3080 935 3108 t
974 3059 1175 3108 Exteriiis
1194 3060 1362 3105 etenim
1378 3056 1479 3104 loco
1499 3058 1671 3103 corticis
1703 3062 1817 3107 varii
1830 3058 2123 3109 utriculorum
2143 3063 2320 3113 ordines

551 3139 844 3198 Aexcurrunt,
876 3136 955 3202 qui
969 3131 1173 3201 inaequali
1189 3130 1498 3199 magnitudine
1512 3128 1746 3197 pollentes,
1771 3147 1822 3180 ut
1832 3131 2079 3201 plurimum
2095 3136 2322 3204 angulares

555 3206 663 3256 sunt.
730 3212 842 3258 Non
856 3208 986 3275 longe
1003 3207 1059 3256 ab
1071 3207 1134 3255 his
1146 3205 1280 3272 lignei
1308 3200 1501 3254 fasciculi
1527 3203 1744 3269 locantur,
1764 3223 1956 3274 quorum
1983 3220 2064 3254 tres
2077 3204 2322 3277 frequenter

556 3298 843 3330 numerantur
869 3281 1043 3328 ordines
1058 3282 1097 3327 B
1115 3279 1351 3347 ,ffingulos
1366 3277 1560 3347 ipsorum
1587 3278 1721 3347 lignei
1744 3280 1888 3329 tubuli
1915 3285 1962 3327 δε
1976 3277 2112 3342 fistule(²
2135 3286 2321 3334 exteritts

556 3371 847 3421 componunt,
872 3361 920 3404 &
946 3371 1026 3402 tres
1039 3350 1213 3422 spitales
1226 3351 1386 3401 fistulas
1407 3358 1439 3402 C
1448 3352 1755 3421 amplexantur
1782 3352 1959 3403 orificiis
1971 3357 2183 3423 perpetuo
2195 3356 2320 3406 hian-

562 3427 691 3475 tibus,
723 3432 837 3476 Non
848 3429 978 3496 longe
992 3428 1048 3477 ab
1063 3428 1127 3476 his
1143 3443 1354 3494 quartum
1369 3431 1558 3476 occurrit
1582 3426 1810 3477 vasculum
1821 3430 1879 3488 D,
1892 3427 2013 3495 quod
2020 3431 2211 3492 proprium
2219 3447 2322 3478 cen-

558 3502 658 3552 seo:
696 3502 942 3569 Reliquum
956 3521 1082 3566 areae,
1095 3502 1293 3551 utriculi-s
1304 3507 1358 3567 Ε,
1371 3506 1448 3572 qui
1463 3500 1589 3551 facile
1608 3503 1890 3564 exsiccantur,
1916 3509 1959 3550 δε
1973 3500 2216 3567 deplentur,
2241 3502 2322 3552 sese

554 3580 751 3628 invicem
761 3575 1010 3644 urgentibus
1033 3574 1378 3644 coagmentatur.
2269 3579 2320 3627 In
