<?xml version="1.0" encoding="UTF-8"?>
<!DOCTYPE html PUBLIC "-//W3C//DTD XHTML 1.0 Transitional//EN"
    "http://www.w3.org/TR/xhtml1/DTD/xhtml1-transitional.dtd">
<html xmlns="http://www.w3.org/1999/xhtml" xml:lang="en" lang="en">
 <head>
  <title>
</title>
<meta http-equiv="Content-Type" content="text/html;charset=utf-8" />
  <meta name='ocr-system' content='tesseract 3.04.00' />
  <meta name='ocr-capabilities' content='ocr_page ocr_carea ocr_par ocr_line ocrx_word'/>
</head>
<body>
  <div class='ocr_page' id='page_1' title='image "anatomeplantarum00malpuoft_0016.png"; bbox 0 0 2600 3952; ppageno 0'>
   <div class='ocr_carea' id='block_1_1' title="bbox 361 189 1852 276">
    <p class='ocr_par' dir='ltr' id='par_1_1' title="bbox 361 189 1852 276">
     <span class='ocr_line' id='line_1_1' title="bbox 361 189 1852 276; baseline -0.015 -9"><span class='ocrx_word' id='word_1_1' title='bbox 361 222 396 276; x_wconf 88' lang='lat'><em>6</em></span> <span class='ocrx_word' id='word_1_2' title='bbox 907 198 1338 259; x_wconf 71' lang='lat' dir='ltr'><strong>MARCELLI</strong></span> <span class='ocrx_word' id='word_1_3' title='bbox 1383 189 1852 250; x_wconf 80' lang='lat' dir='ltr'>MALPIGHII</span> 
     </span>
    </p>
   </div>
   <div class='ocr_carea' id='block_1_2' title="bbox 515 306 2299 387">
    <p class='ocr_par' dir='ltr' id='par_1_2' title="bbox 515 306 2299 387">
     <span class='ocr_line' id='line_1_2' title="bbox 515 306 2299 387; baseline -0.013 -10"><span class='ocrx_word' id='word_1_4' title='bbox 515 334 728 380; x_wconf 62' lang='lat' dir='ltr'>structura</span> <span class='ocrx_word' id='word_1_5' title='bbox 743 329 788 372; x_wconf 91' lang='lat' dir='ltr'>in</span> <span class='ocrx_word' id='word_1_6' title='bbox 813 321 1032 387; x_wconf 39' lang='lat' dir='ltr'>ferulacei&amp;</span> <span class='ocrx_word' id='word_1_7' title='bbox 1056 312 1236 360; x_wconf 89' lang='lat' dir='ltr'>calamo</span> <span class='ocrx_word' id='word_1_8' title='bbox 1260 308 1474 378; x_wconf 88' lang='lat' dir='ltr'>cauleque</span> <span class='ocrx_word' id='word_1_9' title='bbox 1488 307 1757 379; x_wconf 89' lang='lat' dir='ltr'>pollentibus</span> <span class='ocrx_word' id='word_1_10' title='bbox 1772 349 1786 373; x_wconf 94' lang='lat'>,</span> <span class='ocrx_word' id='word_1_11' title='bbox 1810 314 1858 357; x_wconf 74' lang='grc' dir='ltr'>δι</span> <span class='ocrx_word' id='word_1_12' title='bbox 1876 306 2058 374; x_wconf 90' lang='lat' dir='ltr'>reliquis</span> <span class='ocrx_word' id='word_1_13' title='bbox 2081 306 2299 360; x_wconf 86' lang='lat' dir='ltr'>herbaceis</span> 
     </span>
    </p>
   </div>
   <div class='ocr_carea' id='block_1_3' title="bbox 516 380 2297 469">
    <p class='ocr_par' dir='ltr' id='par_1_3' title="bbox 516 380 2297 469">
     <span class='ocr_line' id='line_1_3' title="bbox 516 380 2297 469; baseline -0.013 -20"><span class='ocrx_word' id='word_1_14' title='bbox 516 415 773 469; x_wconf 85' lang='lat' dir='ltr'>exponetur,</span> <span class='ocrx_word' id='word_1_15' title='bbox 786 387 1002 441; x_wconf 70' lang='lat' dir='ltr'>delineata</span> <span class='ocrx_word' id='word_1_16' title='bbox 1028 384 1244 454; x_wconf 70' lang='lat' dir='ltr'>praecipue</span> <span class='ocrx_word' id='word_1_17' title='bbox 1266 383 1575 453; x_wconf 82' lang='lat' dir='ltr'>implicatione</span> <span class='ocrx_word' id='word_1_18' title='bbox 1607 382 1836 447; x_wconf 85' lang='lat' dir='ltr'>fibrarum,</span> <span class='ocrx_word' id='word_1_19' title='bbox 1863 381 1956 449; x_wconf 66' lang='lat' dir='ltr'>qua</span> <span class='ocrx_word' id='word_1_20' title='bbox 1971 380 2113 431; x_wconf 89' lang='lat' dir='ltr'>nodus</span> <span class='ocrx_word' id='word_1_21' title='bbox 2142 382 2213 433; x_wconf 73' lang='lat' dir='ltr'>len</span> <span class='ocrx_word' id='word_1_22' title='bbox 2223 405 2297 455; x_wconf 80' lang='lat' dir='ltr'>ge-</span> 
     </span>
    </p>
   </div>
   <div class='ocr_carea' id='block_1_4' title="bbox 512 473 2299 605">
    <p class='ocr_par' dir='ltr' id='par_1_4' title="bbox 512 473 2299 605">
     <span class='ocr_line' id='line_1_4' title="bbox 548 473 949 519; baseline -0.035 1"><span class='ocrx_word' id='word_1_23' title='bbox 548 478 554 484; x_wconf 81' lang='lat'><strong>‘</strong></span> <span class='ocrx_word' id='word_1_24' title='bbox 615 473 710 519; x_wconf 89' lang='lat' dir='ltr'>lum</span> <span class='ocrx_word' id='word_1_25' title='bbox 723 478 949 514; x_wconf 73' lang='lat' dir='ltr'>excitatur.</span> 
     </span>
     <span class='ocr_line' id='line_1_5' title="bbox 512 492 2299 605; baseline -0.005 -16"><span class='ocrx_word' id='word_1_26' title='bbox 512 492 781 605; x_wconf 47' lang='lat' dir='ltr'>nlchlibet</span> <span class='ocrx_word' id='word_1_27' title='bbox 794 535 955 598; x_wconf 84' lang='lat' dir='ltr'><em>caudex,</em></span> <span class='ocrx_word' id='word_1_28' title='bbox 971 539 1019 583; x_wconf 89' lang='lat'>&amp;</span> <span class='ocrx_word' id='word_1_29' title='bbox 1033 533 1090 583; x_wconf 88' lang='lat' dir='ltr'>ab</span> <span class='ocrx_word' id='word_1_30' title='bbox 1101 552 1157 582; x_wconf 94' lang='lat' dir='ltr'>eo</span> <span class='ocrx_word' id='word_1_31' title='bbox 1173 536 1417 601; x_wconf 70' lang='lat' dir='ltr'>exporresti</span> <span class='ocrx_word' id='word_1_32' title='bbox 1433 535 1564 596; x_wconf 89' lang='lat' dir='ltr'>rami,</span> <span class='ocrx_word' id='word_1_33' title='bbox 1580 531 1805 600; x_wconf 62' lang='lat' dir='ltr'>productis</span> <span class='ocrx_word' id='word_1_34' title='bbox 1834 531 2121 600; x_wconf 79' lang='lat' dir='ltr'>germinibu8‚</span> <span class='ocrx_word' id='word_1_35' title='bbox 2150 530 2299 586; x_wconf 85' lang='lat' dir='ltr'>stabili</span> 
     </span>
    </p>
   </div>
   <div class='ocr_carea' id='block_1_5' title="bbox 501 604 2311 3536">
    <p class='ocr_par' dir='ltr' id='par_1_5' title="bbox 501 604 2311 2316">
     <span class='ocr_line' id='line_1_6' title="bbox 511 604 2300 676; baseline -0.004 -13"><span class='ocrx_word' id='word_1_36' title='bbox 511 609 792 664; x_wconf 86' lang='lat' dir='ltr'>describendo</span> <span class='ocrx_word' id='word_1_37' title='bbox 806 608 962 657; x_wconf 84' lang='lat' dir='ltr'>ordine</span> <span class='ocrx_word' id='word_1_38' title='bbox 977 606 1332 675; x_wconf 85' lang='lat' dir='ltr'>erumpentibus,</span> <span class='ocrx_word' id='word_1_39' title='bbox 1347 604 1408 654; x_wconf 92' lang='lat' dir='ltr'>sui</span> <span class='ocrx_word' id='word_1_40' title='bbox 1431 606 1729 655; x_wconf 85' lang='lat' dir='ltr'>extenfionem</span> <span class='ocrx_word' id='word_1_41' title='bbox 1741 609 2200 675; x_wconf 86' lang='lat' dir='ltr'>propagationemque</span> <span class='ocrx_word' id='word_1_42' title='bbox 2220 625 2300 676; x_wconf 88' lang='lat' dir='ltr'>pa-</span> 
     </span>
     <span class='ocr_line' id='line_1_7' title="bbox 509 677 2301 749; baseline -0.002 -15"><span class='ocrx_word' id='word_1_43' title='bbox 509 702 620 734; x_wconf 83' lang='lat' dir='ltr'>rant.</span> <span class='ocrx_word' id='word_1_44' title='bbox 691 688 855 733; x_wconf 78' lang='lat' dir='ltr'>Gemmae</span> <span class='ocrx_word' id='word_1_45' title='bbox 884 684 1015 749; x_wconf 71' lang='lat' dir='ltr'>igitur</span> <span class='ocrx_word' id='word_1_46' title='bbox 1027 679 1124 729; x_wconf 90' lang='lat' dir='ltr'>sunt</span> <span class='ocrx_word' id='word_1_47' title='bbox 1147 679 1272 728; x_wconf 87' lang='lat' dir='ltr'>velut</span> <span class='ocrx_word' id='word_1_48' title='bbox 1299 677 1441 728; x_wconf 85' lang='lat' dir='ltr'>infans</span> <span class='ocrx_word' id='word_1_49' title='bbox 1454 678 1706 743; x_wconf 90' lang='lat' dir='ltr'>custoditus,</span> <span class='ocrx_word' id='word_1_50' title='bbox 1730 682 1807 747; x_wconf 91' lang='lat' dir='ltr'>qui</span> <span class='ocrx_word' id='word_1_51' title='bbox 1822 679 2007 729; x_wconf 90' lang='lat' dir='ltr'>tandem</span> <span class='ocrx_word' id='word_1_52' title='bbox 2029 679 2238 731; x_wconf 89' lang='lat' dir='ltr'>adolescit</span> <span class='ocrx_word' id='word_1_53' title='bbox 2253 686 2301 732; x_wconf 89' lang='lat' dir='ltr'>in</span> 
     </span>
     <span class='ocr_line' id='line_1_8' title="bbox 507 739 2302 826; baseline 0.004 -27"><span class='ocrx_word' id='word_1_54' title='bbox 507 778 707 820; x_wconf 67' lang='lat' dir='ltr'>samum,</span> <span class='ocrx_word' id='word_1_55' title='bbox 733 758 882 823; x_wconf 52' lang='lat' dir='ltr'>aquo,</span> <span class='ocrx_word' id='word_1_56' title='bbox 903 739 1034 821; x_wconf 72' lang='lat' dir='ltr'>&#39;quast</span> <span class='ocrx_word' id='word_1_57' title='bbox 1051 754 1109 802; x_wconf 89' lang='lat' dir='ltr'>ab</span> <span class='ocrx_word' id='word_1_58' title='bbox 1134 768 1287 820; x_wconf 87' lang='lat' dir='ltr'>aperto</span> <span class='ocrx_word' id='word_1_59' title='bbox 1311 769 1455 814; x_wconf 89' lang='lat' dir='ltr'>utero,</span> <span class='ocrx_word' id='word_1_60' title='bbox 1484 771 1572 801; x_wconf 92' lang='lat' dir='ltr'>ova</span> <span class='ocrx_word' id='word_1_61' title='bbox 1601 753 1917 821; x_wconf 87' lang='lat' dir='ltr'>producuntur.</span> <span class='ocrx_word' id='word_1_62' title='bbox 1963 753 2119 804; x_wconf 76' lang='lat' dir='ltr'>Mense</span> <span class='ocrx_word' id='word_1_63' title='bbox 2150 758 2302 826; x_wconf 90' lang='lat' dir='ltr'>itaque</span> 
     </span>
     <span class='ocr_line' id='line_1_9' title="bbox 501 823 2302 898; baseline 0.006 -27"><span class='ocrx_word' id='word_1_64' title='bbox 501 831 616 894; x_wconf 66' lang='lat' dir='ltr'>Junii</span> <span class='ocrx_word' id='word_1_65' title='bbox 633 829 750 898; x_wconf 75' lang='lat' dir='ltr'>apud</span> <span class='ocrx_word' id='word_1_66' title='bbox 764 845 844 874; x_wconf 91' lang='lat' dir='ltr'>nos</span> <span class='ocrx_word' id='word_1_67' title='bbox 850 843 1009 893; x_wconf 57' lang='lat' dir='ltr'>gemmae</span> <span class='ocrx_word' id='word_1_68' title='bbox 1020 838 1262 892; x_wconf 89' lang='lat' dir='ltr'>erumpunt</span> <span class='ocrx_word' id='word_1_69' title='bbox 1277 862 1290 884; x_wconf 92' lang='lat'>,</span> <span class='ocrx_word' id='word_1_70' title='bbox 1324 839 1424 891; x_wconf 86' lang='lat' dir='ltr'>quae</span> <span class='ocrx_word' id='word_1_71' title='bbox 1439 823 1588 872; x_wconf 92' lang='lat' dir='ltr'>futuro</span> <span class='ocrx_word' id='word_1_72' title='bbox 1603 843 1706 874; x_wconf 91' lang='lat' dir='ltr'>vere</span> <span class='ocrx_word' id='word_1_73' title='bbox 1720 827 1878 893; x_wconf 90' lang='lat' dir='ltr'>aperiri</span> <span class='ocrx_word' id='word_1_74' title='bbox 1895 833 1943 877; x_wconf 74' lang='grc' dir='ltr'>δι</span> <span class='ocrx_word' id='word_1_75' title='bbox 1970 827 2213 881; x_wconf 74' lang='lat' dir='ltr'>adolestere</span> <span class='ocrx_word' id='word_1_76' title='bbox 2225 831 2302 880; x_wconf 88' lang='lat' dir='ltr'>de-</span> 
     </span>
     <span class='ocr_line' id='line_1_10' title="bbox 510 895 2299 971; baseline 0.001 -17"><span class='ocrx_word' id='word_1_77' title='bbox 510 905 614 955; x_wconf 92' lang='lat' dir='ltr'>bent</span> <span class='ocrx_word' id='word_1_78' title='bbox 627 944 640 966; x_wconf 94' lang='lat'>,</span> <span class='ocrx_word' id='word_1_79' title='bbox 675 907 722 948; x_wconf 91' lang='lat'>&amp;</span> <span class='ocrx_word' id='word_1_80' title='bbox 740 900 835 948; x_wconf 88' lang='lat' dir='ltr'>folii</span> <span class='ocrx_word' id='word_1_81' title='bbox 848 897 1137 967; x_wconf 88' lang='lat' dir='ltr'>pedunculus,</span> <span class='ocrx_word' id='word_1_82' title='bbox 1157 900 1204 944; x_wconf 91' lang='lat' dir='ltr'>in</span> <span class='ocrx_word' id='word_1_83' title='bbox 1219 900 1451 964; x_wconf 86' lang='lat' dir='ltr'>eruptione</span> <span class='ocrx_word' id='word_1_84' title='bbox 1463 895 1686 960; x_wconf 82' lang='lat' dir='ltr'>dilatatus,</span> <span class='ocrx_word' id='word_1_85' title='bbox 1711 898 1852 947; x_wconf 90' lang='lat' dir='ltr'>veluti</span> <span class='ocrx_word' id='word_1_86' title='bbox 1865 899 2021 968; x_wconf 89' lang='lat' dir='ltr'>calyx,</span> <span class='ocrx_word' id='word_1_87' title='bbox 2055 902 2166 971; x_wconf 87' lang='lat' dir='ltr'>ipsas</span> <span class='ocrx_word' id='word_1_88' title='bbox 2187 919 2299 954; x_wconf 84' lang='lat' dir='ltr'>tuta-</span> 
     </span>
     <span class='ocr_line' id='line_1_11' title="bbox 509 968 2302 1040; baseline 0.001 -14"><span class='ocrx_word' id='word_1_89' title='bbox 509 996 592 1026; x_wconf 91' lang='lat' dir='ltr'>tur.</span> <span class='ocrx_word' id='word_1_90' title='bbox 660 972 887 1023; x_wconf 89' lang='lat' dir='ltr'>Herbacea</span> <span class='ocrx_word' id='word_1_91' title='bbox 919 975 1080 1040; x_wconf 85' lang='lat' dir='ltr'>pariter</span> <span class='ocrx_word' id='word_1_92' title='bbox 1106 968 1202 1020; x_wconf 89' lang='lat' dir='ltr'>suas</span> <span class='ocrx_word' id='word_1_93' title='bbox 1231 969 1377 1020; x_wconf 85' lang='lat' dir='ltr'>aestate</span> <span class='ocrx_word' id='word_1_94' title='bbox 1406 987 1616 1038; x_wconf 83' lang='lat' dir='ltr'>gemmas</span> <span class='ocrx_word' id='word_1_95' title='bbox 1639 971 1903 1037; x_wconf 89' lang='lat' dir='ltr'>producunt,</span> <span class='ocrx_word' id='word_1_96' title='bbox 1929 981 1978 1023; x_wconf 73' lang='grc' dir='ltr'>δι</span> <span class='ocrx_word' id='word_1_97' title='bbox 1999 971 2077 1023; x_wconf 93' lang='lat' dir='ltr'>sub</span> <span class='ocrx_word' id='word_1_98' title='bbox 2102 993 2216 1027; x_wconf 89' lang='lat' dir='ltr'>terra</span> <span class='ocrx_word' id='word_1_99' title='bbox 2225 978 2302 1027; x_wconf 89' lang='lat' dir='ltr'>diu</span> 
     </span>
     <span class='ocr_line' id='line_1_12' title="bbox 507 1043 2304 1119; baseline -0.003 -22"><span class='ocrx_word' id='word_1_100' title='bbox 507 1047 787 1097; x_wconf 87' lang='lat' dir='ltr'>custodiunt:</span> <span class='ocrx_word' id='word_1_101' title='bbox 824 1050 995 1095; x_wconf 87' lang='lat' dir='ltr'>Earum</span> <span class='ocrx_word' id='word_1_102' title='bbox 1007 1045 1221 1096; x_wconf 62' lang='lat' dir='ltr'>structura</span> <span class='ocrx_word' id='word_1_103' title='bbox 1244 1044 1341 1095; x_wconf 90' lang='lat' dir='ltr'>talis</span> <span class='ocrx_word' id='word_1_104' title='bbox 1360 1043 1446 1111; x_wconf 78' lang='lat' dir='ltr'>est3</span> <span class='ocrx_word' id='word_1_105' title='bbox 1479 1062 1587 1092; x_wconf 90' lang='lat' dir='ltr'>cum</span> <span class='ocrx_word' id='word_1_106' title='bbox 1599 1047 1727 1092; x_wconf 83' lang='lat' dir='ltr'>enim</span> <span class='ocrx_word' id='word_1_107' title='bbox 1750 1048 2074 1114; x_wconf 83' lang='lat' dir='ltr'>compendium</span> <span class='ocrx_word' id='word_1_108' title='bbox 2097 1049 2149 1098; x_wconf 88' lang='lat' dir='ltr'>fit</span> <span class='ocrx_word' id='word_1_109' title='bbox 2171 1051 2304 1119; x_wconf 78' lang='lat' dir='ltr'>plan-</span> 
     </span>
     <span class='ocr_line' id='line_1_13' title="bbox 507 1116 2303 1189; baseline 0.005 -22"><span class='ocrx_word' id='word_1_110' title='bbox 507 1121 611 1171; x_wconf 86' lang='lat' dir='ltr'>tulae</span> <span class='ocrx_word' id='word_1_111' title='bbox 631 1121 836 1170; x_wconf 90' lang='lat' dir='ltr'>nondum</span> <span class='ocrx_word' id='word_1_112' title='bbox 858 1119 1260 1188; x_wconf 84' lang='lat' dir='ltr'>explicitae,trunco</span> <span class='ocrx_word' id='word_1_113' title='bbox 1281 1118 1454 1169; x_wconf 88' lang='lat' dir='ltr'>constat</span> <span class='ocrx_word' id='word_1_114' title='bbox 1472 1117 1638 1187; x_wconf 84' lang='lat' dir='ltr'>ligneo,</span> <span class='ocrx_word' id='word_1_115' title='bbox 1659 1116 1892 1186; x_wconf 87' lang='lat' dir='ltr'>brevique,</span> <span class='ocrx_word' id='word_1_116' title='bbox 1919 1124 2000 1189; x_wconf 91' lang='lat' dir='ltr'>qui</span> <span class='ocrx_word' id='word_1_117' title='bbox 2018 1123 2233 1176; x_wconf 84' lang='lat' dir='ltr'>mollibus</span> <span class='ocrx_word' id='word_1_118' title='bbox 2250 1124 2303 1176; x_wconf 91' lang='lat' dir='ltr'>fi-</span> 
     </span>
     <span class='ocr_line' id='line_1_14' title="bbox 508 1191 2303 1264; baseline 0.004 -22"><span class='ocrx_word' id='word_1_119' title='bbox 508 1194 594 1243; x_wconf 90' lang='lat' dir='ltr'>bris</span> <span class='ocrx_word' id='word_1_120' title='bbox 612 1194 768 1264; x_wconf 85' lang='lat' dir='ltr'>ligneis</span> <span class='ocrx_word' id='word_1_121' title='bbox 783 1201 831 1244; x_wconf 90' lang='lat'>&amp;</span> <span class='ocrx_word' id='word_1_122' title='bbox 846 1193 1028 1243; x_wconf 87' lang='lat' dir='ltr'>tracheis</span> <span class='ocrx_word' id='word_1_123' title='bbox 1041 1197 1272 1257; x_wconf 86' lang='lat' dir='ltr'>excitatur,</span> <span class='ocrx_word' id='word_1_124' title='bbox 1298 1195 1324 1243; x_wconf 74' lang='lat' dir='ltr'>a</span> <span class='ocrx_word' id='word_1_125' title='bbox 1343 1195 1550 1263; x_wconf 88' lang='lat' dir='ltr'>penitiori</span> <span class='ocrx_word' id='word_1_126' title='bbox 1569 1191 1696 1261; x_wconf 88' lang='lat' dir='ltr'>ligno</span> <span class='ocrx_word' id='word_1_127' title='bbox 1714 1210 1821 1241; x_wconf 91' lang='lat' dir='ltr'>cum</span> <span class='ocrx_word' id='word_1_128' title='bbox 1833 1192 2050 1259; x_wconf 83' lang='lat' dir='ltr'>medulla,</span> <span class='ocrx_word' id='word_1_129' title='bbox 2075 1197 2183 1247; x_wconf 90' lang='lat' dir='ltr'>illuc</span> <span class='ocrx_word' id='word_1_130' title='bbox 2197 1218 2303 1250; x_wconf 87' lang='lat' dir='ltr'>con-</span> 
     </span>
     <span class='ocr_line' id='line_1_15' title="bbox 510 1266 2307 1336; baseline 0.004 -20"><span class='ocrx_word' id='word_1_131' title='bbox 510 1271 683 1319; x_wconf 67' lang='lat' dir='ltr'>tinuata</span> <span class='ocrx_word' id='word_1_132' title='bbox 695 1271 783 1331; x_wconf 72' lang='lat' dir='ltr'>via,</span> <span class='ocrx_word' id='word_1_133' title='bbox 807 1269 1043 1318; x_wconf 86' lang='lat' dir='ltr'>derivatis:</span> <span class='ocrx_word' id='word_1_134' title='bbox 1080 1268 1184 1318; x_wconf 89' lang='lat' dir='ltr'>hinc</span> <span class='ocrx_word' id='word_1_135' title='bbox 1207 1268 1326 1330; x_wconf 90' lang='lat' dir='ltr'>inde,</span> <span class='ocrx_word' id='word_1_136' title='bbox 1353 1284 1508 1336; x_wconf 86' lang='lat' dir='ltr'>praeter</span> <span class='ocrx_word' id='word_1_137' title='bbox 1525 1266 1937 1336; x_wconf 87' lang='lat' dir='ltr'>implantationem,</span> <span class='ocrx_word' id='word_1_138' title='bbox 1965 1275 2307 1323; x_wconf 77' lang='lat' dir='ltr'>communicato</span> 
     </span>
     <span class='ocr_line' id='line_1_16' title="bbox 506 1340 2307 1412; baseline 0.003 -22"><span class='ocrx_word' id='word_1_139' title='bbox 506 1343 532 1390; x_wconf 76' lang='lat' dir='ltr'>a</span> <span class='ocrx_word' id='word_1_140' title='bbox 550 1343 730 1392; x_wconf 88' lang='lat' dir='ltr'>caudice</span> <span class='ocrx_word' id='word_1_141' title='bbox 755 1346 919 1392; x_wconf 91' lang='lat' dir='ltr'>cortice</span> <span class='ocrx_word' id='word_1_142' title='bbox 946 1342 1160 1405; x_wconf 86' lang='lat' dir='ltr'>ambitur,</span> <span class='ocrx_word' id='word_1_143' title='bbox 1183 1345 1265 1409; x_wconf 89' lang='lat' dir='ltr'>qui</span> <span class='ocrx_word' id='word_1_144' title='bbox 1282 1344 1330 1389; x_wconf 91' lang='lat' dir='ltr'>in</span> <span class='ocrx_word' id='word_1_145' title='bbox 1346 1341 1500 1391; x_wconf 67' lang='lat' dir='ltr'>foliola</span> <span class='ocrx_word' id='word_1_146' title='bbox 1524 1340 1824 1409; x_wconf 76' lang='lat' dir='ltr'>multiplicia,</span> <span class='ocrx_word' id='word_1_147' title='bbox 1849 1340 2138 1409; x_wconf 79' lang='lat' dir='ltr'>squamarum</span> <span class='ocrx_word' id='word_1_148' title='bbox 2154 1347 2307 1412; x_wconf 85' lang='lat' dir='ltr'>instar,</span> 
     </span>
     <span class='ocr_line' id='line_1_17' title="bbox 505 1413 2306 1486; baseline 0.003 -21"><span class='ocrx_word' id='word_1_149' title='bbox 505 1434 667 1484; x_wconf 86' lang='lat' dir='ltr'>parum</span> <span class='ocrx_word' id='word_1_150' title='bbox 681 1417 738 1466; x_wconf 91' lang='lat' dir='ltr'>ad</span> <span class='ocrx_word' id='word_1_151' title='bbox 761 1421 958 1467; x_wconf 90' lang='lat' dir='ltr'>invicem</span> <span class='ocrx_word' id='word_1_152' title='bbox 987 1417 1207 1478; x_wconf 88' lang='lat' dir='ltr'>distantia,</span> <span class='ocrx_word' id='word_1_153' title='bbox 1230 1415 1486 1483; x_wconf 79' lang='lat' dir='ltr'>laciniatur3</span> <span class='ocrx_word' id='word_1_154' title='bbox 1519 1413 1611 1464; x_wconf 85' lang='lat' dir='ltr'>haec</span> <span class='ocrx_word' id='word_1_155' title='bbox 1625 1416 1868 1464; x_wconf 75' lang='lat' dir='ltr'>acontento</span> <span class='ocrx_word' id='word_1_156' title='bbox 1880 1415 2012 1465; x_wconf 91' lang='lat' dir='ltr'>molli</span> <span class='ocrx_word' id='word_1_157' title='bbox 2025 1415 2151 1486; x_wconf 88' lang='lat' dir='ltr'>ligno</span> <span class='ocrx_word' id='word_1_158' title='bbox 2174 1418 2306 1475; x_wconf 88' lang='lat' dir='ltr'>fibras</span> 
     </span>
     <span class='ocr_line' id='line_1_18' title="bbox 506 1491 2309 1562; baseline 0.004 -22"><span class='ocrx_word' id='word_1_159' title='bbox 506 1493 759 1542; x_wconf 86' lang='lat' dir='ltr'>&amp;tracheas</span> <span class='ocrx_word' id='word_1_160' title='bbox 778 1492 1027 1562; x_wconf 89' lang='lat' dir='ltr'>suscipiunt,</span> <span class='ocrx_word' id='word_1_161' title='bbox 1041 1499 1090 1542; x_wconf 74' lang='grc' dir='ltr'>δι</span> <span class='ocrx_word' id='word_1_162' title='bbox 1105 1491 1334 1560; x_wconf 84' lang='lat' dir='ltr'>lanugine,</span> <span class='ocrx_word' id='word_1_163' title='bbox 1350 1491 1470 1559; x_wconf 89' lang='lat' dir='ltr'>pilis,</span> <span class='ocrx_word' id='word_1_164' title='bbox 1485 1496 1573 1540; x_wconf 88' lang='lat' dir='ltr'>&amp;c.</span> <span class='ocrx_word' id='word_1_165' title='bbox 1593 1495 1640 1540; x_wconf 87' lang='lat' dir='ltr'>in</span> <span class='ocrx_word' id='word_1_166' title='bbox 1653 1511 1763 1555; x_wconf 82' lang='lat' dir='ltr'>nuce,</span> <span class='ocrx_word' id='word_1_167' title='bbox 1778 1497 1827 1540; x_wconf 88' lang='lat'>&amp;</span> <span class='ocrx_word' id='word_1_168' title='bbox 1844 1498 1942 1556; x_wconf 69' lang='lat' dir='ltr'>vite,</span> <span class='ocrx_word' id='word_1_169' title='bbox 1953 1499 2041 1543; x_wconf 86' lang='lat' dir='ltr'>&amp;c.</span> <span class='ocrx_word' id='word_1_170' title='bbox 2055 1494 2309 1546; x_wconf 89' lang='lat' dir='ltr'>custodiun-</span> 
     </span>
     <span class='ocr_line' id='line_1_19' title="bbox 506 1564 2309 1636; baseline 0.005 -22"><span class='ocrx_word' id='word_1_171' title='bbox 506 1583 604 1635; x_wconf 79' lang='lat' dir='ltr'>tur3</span> <span class='ocrx_word' id='word_1_172' title='bbox 640 1574 686 1618; x_wconf 92' lang='lat' dir='ltr'>in</span> <span class='ocrx_word' id='word_1_173' title='bbox 702 1572 836 1635; x_wconf 85' lang='lat' dir='ltr'>populo</span> <span class='ocrx_word' id='word_1_174' title='bbox 864 1570 991 1632; x_wconf 80' lang='lat' dir='ltr'>vero,</span> <span class='ocrx_word' id='word_1_175' title='bbox 1020 1567 1198 1630; x_wconf 87' lang='lat' dir='ltr'>&amp;aliis,</span> <span class='ocrx_word' id='word_1_176' title='bbox 1223 1565 1448 1636; x_wconf 84' lang='lat' dir='ltr'>glutinoso</span> <span class='ocrx_word' id='word_1_177' title='bbox 1468 1564 1678 1617; x_wconf 86' lang='lat' dir='ltr'>foventur</span> <span class='ocrx_word' id='word_1_178' title='bbox 1696 1566 1901 1617; x_wconf 89' lang='lat' dir='ltr'>humore.</span> <span class='ocrx_word' id='word_1_179' title='bbox 1952 1571 2061 1618; x_wconf 86' lang='lat' dir='ltr'>Haec</span> <span class='ocrx_word' id='word_1_180' title='bbox 2075 1575 2233 1622; x_wconf 90' lang='lat' dir='ltr'>omnia</span> <span class='ocrx_word' id='word_1_181' title='bbox 2246 1577 2309 1623; x_wconf 83' lang='lat' dir='ltr'>ita</span> 
     </span>
     <span class='ocr_line' id='line_1_20' title="bbox 507 1641 2309 1715; baseline 0.002 -19"><span class='ocrx_word' id='word_1_182' title='bbox 507 1648 707 1696; x_wconf 89' lang='lat' dir='ltr'>invicem</span> <span class='ocrx_word' id='word_1_183' title='bbox 732 1646 1004 1715; x_wconf 84' lang='lat' dir='ltr'>conglobata</span> <span class='ocrx_word' id='word_1_184' title='bbox 1024 1647 1236 1694; x_wconf 90' lang='lat' dir='ltr'>conicum</span> <span class='ocrx_word' id='word_1_185' title='bbox 1256 1641 1347 1693; x_wconf 75' lang='lat' dir='ltr'>fere</span> <span class='ocrx_word' id='word_1_186' title='bbox 1367 1641 1608 1694; x_wconf 90' lang='lat' dir='ltr'>efformant</span> <span class='ocrx_word' id='word_1_187' title='bbox 1626 1661 1801 1712; x_wconf 88' lang='lat' dir='ltr'>corpus.</span> <span class='ocrx_word' id='word_1_188' title='bbox 1869 1647 1920 1692; x_wconf 91' lang='lat' dir='ltr'>In</span> <span class='ocrx_word' id='word_1_189' title='bbox 1946 1643 2171 1697; x_wconf 84' lang='lat' dir='ltr'>herbaceis</span> <span class='ocrx_word' id='word_1_190' title='bbox 2194 1649 2222 1698; x_wconf 73' lang='lat' dir='ltr'>a</span> <span class='ocrx_word' id='word_1_191' title='bbox 2236 1667 2309 1700; x_wconf 86' lang='lat' dir='ltr'>ra-</span> 
     </span>
     <span class='ocr_line' id='line_1_21' title="bbox 505 1719 2311 1796; baseline 0.004 -28"><span class='ocrx_word' id='word_1_192' title='bbox 505 1719 612 1770; x_wconf 90' lang='lat' dir='ltr'>dicis</span> <span class='ocrx_word' id='word_1_193' title='bbox 630 1723 840 1789; x_wconf 89' lang='lat' dir='ltr'>cylindro</span> <span class='ocrx_word' id='word_1_194' title='bbox 854 1765 867 1787; x_wconf 98' lang='lat'>,</span> <span class='ocrx_word' id='word_1_195' title='bbox 896 1722 1020 1793; x_wconf 85' lang='lat' dir='ltr'>quafi</span> <span class='ocrx_word' id='word_1_196' title='bbox 1041 1723 1067 1771; x_wconf 69' lang='lat' dir='ltr'>a</span> <span class='ocrx_word' id='word_1_197' title='bbox 1082 1738 1255 1784; x_wconf 89' lang='lat' dir='ltr'>trunco,</span> <span class='ocrx_word' id='word_1_198' title='bbox 1288 1739 1382 1770; x_wconf 92' lang='lat' dir='ltr'>non</span> <span class='ocrx_word' id='word_1_199' title='bbox 1406 1719 1569 1789; x_wconf 84' lang='lat' dir='ltr'>dispari</span> <span class='ocrx_word' id='word_1_200' title='bbox 1583 1723 1687 1784; x_wconf 86' lang='lat' dir='ltr'>ritu,</span> <span class='ocrx_word' id='word_1_201' title='bbox 1711 1724 1822 1769; x_wconf 87' lang='lat' dir='ltr'>acin</span> <span class='ocrx_word' id='word_1_202' title='bbox 1843 1720 2088 1788; x_wconf 83' lang='lat' dir='ltr'>arboribus,</span> <span class='ocrx_word' id='word_1_203' title='bbox 2113 1731 2311 1796; x_wconf 82' lang='lat' dir='ltr'>erumpit</span> 
     </span>
     <span class='ocr_line' id='line_1_22' title="bbox 504 1795 2310 1867; baseline 0.003 -22"><span class='ocrx_word' id='word_1_204' title='bbox 504 1796 820 1864; x_wconf 78' lang='lat' dir='ltr'>gemma,&#39;seu</span> <span class='ocrx_word' id='word_1_205' title='bbox 839 1798 991 1848; x_wconf 90' lang='lat' dir='ltr'>oculus</span> <span class='ocrx_word' id='word_1_206' title='bbox 1024 1796 1247 1846; x_wconf 82' lang='lat' dir='ltr'>consimili</span> <span class='ocrx_word' id='word_1_207' title='bbox 1269 1800 1464 1865; x_wconf 90' lang='lat' dir='ltr'>partium</span> <span class='ocrx_word' id='word_1_208' title='bbox 1492 1813 1709 1864; x_wconf 75' lang='lat' dir='ltr'>apparatu</span> <span class='ocrx_word' id='word_1_209' title='bbox 1728 1795 1945 1845; x_wconf 78' lang='lat' dir='ltr'>constans.</span> <span class='ocrx_word' id='word_1_210' title='bbox 2013 1802 2182 1867; x_wconf 70' lang='lat' dir='ltr'>Incaepis</span> <span class='ocrx_word' id='word_1_211' title='bbox 2205 1801 2310 1850; x_wconf 88' lang='lat' dir='ltr'>hinc</span> 
     </span>
     <span class='ocr_line' id='line_1_23' title="bbox 504 1870 2310 1944; baseline -0.002 -21"><span class='ocrx_word' id='word_1_212' title='bbox 504 1871 610 1923; x_wconf 90' lang='lat' dir='ltr'>inde</span> <span class='ocrx_word' id='word_1_213' title='bbox 624 1875 648 1921; x_wconf 74' lang='lat' dir='ltr'>a</span> <span class='ocrx_word' id='word_1_214' title='bbox 664 1889 819 1923; x_wconf 81' lang='lat' dir='ltr'>centro</span> <span class='ocrx_word' id='word_1_215' title='bbox 840 1892 1019 1942; x_wconf 39' lang='lat' dir='ltr'>gemm&amp;³</span> <span class='ocrx_word' id='word_1_216' title='bbox 1039 1871 1373 1940; x_wconf 71' lang='lat' dir='ltr'>custodiuntur5</span> <span class='ocrx_word' id='word_1_217' title='bbox 1406 1876 1454 1921; x_wconf 92' lang='lat' dir='ltr'>in</span> <span class='ocrx_word' id='word_1_218' title='bbox 1478 1874 1563 1921; x_wconf 70' lang='lat' dir='ltr'>aliis</span> <span class='ocrx_word' id='word_1_219' title='bbox 1578 1871 1690 1921; x_wconf 81' lang='lat' dir='ltr'>vero</span> <span class='ocrx_word' id='word_1_220' title='bbox 1705 1870 2085 1938; x_wconf 88' lang='lat' dir='ltr'>&amp;confimilibus,</span> <span class='ocrx_word' id='word_1_221' title='bbox 2104 1893 2310 1944; x_wconf 70' lang='lat' dir='ltr'>gemma-</span> 
     </span>
     <span class='ocr_line' id='line_1_24' title="bbox 504 1943 2309 2030; baseline 0.006 -36"><span class='ocrx_word' id='word_1_222' title='bbox 504 1964 606 1994; x_wconf 90' lang='lat' dir='ltr'>rum</span> <span class='ocrx_word' id='word_1_223' title='bbox 622 1946 726 1996; x_wconf 90' lang='lat' dir='ltr'>loco</span> <span class='ocrx_word' id='word_1_224' title='bbox 747 1949 1020 2019; x_wconf 87' lang='lat' dir='ltr'>multiplicia</span> <span class='ocrx_word' id='word_1_225' title='bbox 1032 1947 1332 2000; x_wconf 91' lang='lat' dir='ltr'>custodiuntur</span> <span class='ocrx_word' id='word_1_226' title='bbox 1348 1947 1471 2018; x_wconf 78' lang='lat' dir='ltr'>quasi</span> <span class='ocrx_word' id='word_1_227' title='bbox 1483 1945 1670 2013; x_wconf 84' lang='lat' dir='ltr'>semina,</span> <span class='ocrx_word' id='word_1_228' title='bbox 1693 1966 1792 2017; x_wconf 82' lang='lat' dir='ltr'>quae</span> <span class='ocrx_word' id='word_1_229' title='bbox 1814 1943 1986 1999; x_wconf 92' lang='lat' dir='ltr'>soboles</span> <span class='ocrx_word' id='word_1_230' title='bbox 1999 1951 2309 2030; x_wconf 66' lang='lat' dir='ltr'>appellantur,</span> 
     </span>
     <span class='ocr_line' id='line_1_25' title="bbox 503 2021 2309 2095; baseline 0.007 -27"><span class='ocrx_word' id='word_1_231' title='bbox 503 2038 602 2089; x_wconf 84' lang='lat' dir='ltr'>quae</span> <span class='ocrx_word' id='word_1_232' title='bbox 613 2022 679 2071; x_wconf 92' lang='lat' dir='ltr'>nil</span> <span class='ocrx_word' id='word_1_233' title='bbox 702 2024 827 2073; x_wconf 89' lang='lat' dir='ltr'>aliud</span> <span class='ocrx_word' id='word_1_234' title='bbox 846 2023 958 2092; x_wconf 90' lang='lat' dir='ltr'>sunt,</span> <span class='ocrx_word' id='word_1_235' title='bbox 978 2026 1122 2095; x_wconf 75' lang='lat' dir='ltr'>quam</span> <span class='ocrx_word' id='word_1_236' title='bbox 1144 2021 1369 2075; x_wconf 89' lang='lat' dir='ltr'>seminalis</span> <span class='ocrx_word' id='word_1_237' title='bbox 1387 2025 1597 2094; x_wconf 81' lang='lat' dir='ltr'>quaedam</span> <span class='ocrx_word' id='word_1_238' title='bbox 1622 2043 1729 2073; x_wconf 90' lang='lat' dir='ltr'>caro</span> <span class='ocrx_word' id='word_1_239' title='bbox 1746 2025 1944 2075; x_wconf 90' lang='lat' dir='ltr'>utriculis</span> <span class='ocrx_word' id='word_1_240' title='bbox 1962 2027 2182 2094; x_wconf 81' lang='lat' dir='ltr'>constanS,</span> <span class='ocrx_word' id='word_1_241' title='bbox 2214 2031 2309 2081; x_wconf 86' lang='lat' dir='ltr'>ele-</span> 
     </span>
     <span class='ocr_line' id='line_1_26' title="bbox 502 2100 2308 2171; baseline 0.007 -26"><span class='ocrx_word' id='word_1_242' title='bbox 502 2114 686 2165; x_wconf 83' lang='lat' dir='ltr'>gantem</span> <span class='ocrx_word' id='word_1_243' title='bbox 702 2103 748 2147; x_wconf 94' lang='lat' dir='ltr'>in</span> <span class='ocrx_word' id='word_1_244' title='bbox 767 2100 924 2148; x_wconf 91' lang='lat' dir='ltr'>medio</span> <span class='ocrx_word' id='word_1_245' title='bbox 946 2100 1202 2171; x_wconf 85' lang='lat' dir='ltr'>plantulam</span> <span class='ocrx_word' id='word_1_246' title='bbox 1218 2142 1232 2165; x_wconf 89' lang='lat'>,</span> <span class='ocrx_word' id='word_1_247' title='bbox 1253 2100 1433 2150; x_wconf 90' lang='lat' dir='ltr'>laminis</span> <span class='ocrx_word' id='word_1_248' title='bbox 1453 2101 1716 2164; x_wconf 89' lang='lat' dir='ltr'>conflatam,</span> <span class='ocrx_word' id='word_1_249' title='bbox 1742 2118 1849 2150; x_wconf 90' lang='lat' dir='ltr'>cum</span> <span class='ocrx_word' id='word_1_250' title='bbox 1869 2104 2208 2171; x_wconf 87' lang='lat' dir='ltr'>erumpentibus</span> <span class='ocrx_word' id='word_1_251' title='bbox 2234 2125 2308 2157; x_wconf 88' lang='lat' dir='ltr'>ra-</span> 
     </span>
     <span class='ocr_line' id='line_1_27' title="bbox 503 2170 2304 2243; baseline 0.007 -25"><span class='ocrx_word' id='word_1_252' title='bbox 503 2170 673 2219; x_wconf 90' lang='lat' dir='ltr'>dicibus</span> <span class='ocrx_word' id='word_1_253' title='bbox 694 2172 956 2222; x_wconf 80' lang='lat' dir='ltr'>custodiens,</span> <span class='ocrx_word' id='word_1_254' title='bbox 1025 2179 1304 2225; x_wconf 86' lang='lat' dir='ltr'>Exteriorem</span> <span class='ocrx_word' id='word_1_255' title='bbox 1326 2182 1375 2225; x_wconf 72' lang='grc' dir='ltr'>δι</span> <span class='ocrx_word' id='word_1_256' title='bbox 1396 2180 1657 2225; x_wconf 91' lang='lat' dir='ltr'>interiorem</span> <span class='ocrx_word' id='word_1_257' title='bbox 1676 2193 1965 2243; x_wconf 85' lang='lat' dir='ltr'>gemmarum</span> <span class='ocrx_word' id='word_1_258' title='bbox 1987 2175 2151 2228; x_wconf 88' lang='lat' dir='ltr'>faciem</span> <span class='ocrx_word' id='word_1_259' title='bbox 2172 2185 2220 2230; x_wconf 90' lang='lat' dir='ltr'>in</span> <span class='ocrx_word' id='word_1_260' title='bbox 2234 2198 2304 2230; x_wconf 90' lang='lat' dir='ltr'>ar—</span> 
     </span>
     <span class='ocr_line' id='line_1_28' title="bbox 503 2243 1907 2316; baseline 0.004 -24"><span class='ocrx_word' id='word_1_261' title='bbox 503 2243 703 2309; x_wconf 85' lang='lat' dir='ltr'>boribus,</span> <span class='ocrx_word' id='word_1_262' title='bbox 716 2253 763 2295; x_wconf 89' lang='lat'>&amp;</span> <span class='ocrx_word' id='word_1_263' title='bbox 777 2247 938 2309; x_wconf 91' lang='lat' dir='ltr'>herbis,</span> <span class='ocrx_word' id='word_1_264' title='bbox 953 2253 1002 2294; x_wconf 89' lang='lat'>&amp;</span> <span class='ocrx_word' id='word_1_265' title='bbox 1014 2249 1233 2315; x_wconf 76' lang='lat' dir='ltr'>praecipue</span> <span class='ocrx_word' id='word_1_266' title='bbox 1247 2253 1293 2297; x_wconf 92' lang='lat' dir='ltr'>in</span> <span class='ocrx_word' id='word_1_267' title='bbox 1303 2266 1486 2316; x_wconf 89' lang='lat' dir='ltr'>quercu,</span> <span class='ocrx_word' id='word_1_268' title='bbox 1505 2255 1556 2298; x_wconf 92' lang='lat'>&amp;</span> <span class='ocrx_word' id='word_1_269' title='bbox 1570 2248 1683 2312; x_wconf 85' lang='lat' dir='ltr'>aliis,</span> <span class='ocrx_word' id='word_1_270' title='bbox 1698 2248 1907 2298; x_wconf 85' lang='lat' dir='ltr'>exarabo.</span> 
     </span>
    </p>

    <p class='ocr_par' dir='ltr' id='par_1_6' title="bbox 506 2322 2307 3536">
     <span class='ocr_line' id='line_1_29' title="bbox 569 2322 2306 2391; baseline 0.004 -21"><span class='ocrx_word' id='word_1_271' title='bbox 569 2325 838 2389; x_wconf 88' lang='lat' dir='ltr'>Aperiuntur</span> <span class='ocrx_word' id='word_1_272' title='bbox 859 2325 1024 2371; x_wconf 82' lang='lat' dir='ltr'>Gemmae</span> <span class='ocrx_word' id='word_1_273' title='bbox 1046 2326 1226 2371; x_wconf 90' lang='lat' dir='ltr'>ineunte</span> <span class='ocrx_word' id='word_1_274' title='bbox 1241 2341 1361 2385; x_wconf 92' lang='lat' dir='ltr'>vere,</span> <span class='ocrx_word' id='word_1_275' title='bbox 1373 2322 1532 2384; x_wconf 86' lang='lat' dir='ltr'>aestate,</span> <span class='ocrx_word' id='word_1_276' title='bbox 1548 2322 1734 2390; x_wconf 85' lang='lat' dir='ltr'>aliisque</span> <span class='ocrx_word' id='word_1_277' title='bbox 1750 2325 2039 2391; x_wconf 88' lang='lat' dir='ltr'>temporibus,</span> <span class='ocrx_word' id='word_1_278' title='bbox 2060 2335 2108 2376; x_wconf 90' lang='lat'>&amp;</span> <span class='ocrx_word' id='word_1_279' title='bbox 2129 2347 2306 2380; x_wconf 87' lang='lat' dir='ltr'>autum-</span> 
     </span>
     <span class='ocr_line' id='line_1_30' title="bbox 506 2395 2306 2470; baseline 0.008 -28"><span class='ocrx_word' id='word_1_280' title='bbox 506 2414 567 2443; x_wconf 95' lang='lat' dir='ltr'>no</span> <span class='ocrx_word' id='word_1_281' title='bbox 592 2402 745 2461; x_wconf 89' lang='lat' dir='ltr'>etiarn,</span> <span class='ocrx_word' id='word_1_282' title='bbox 766 2398 984 2466; x_wconf 77' lang='lat' dir='ltr'>praecipue</span> <span class='ocrx_word' id='word_1_283' title='bbox 1006 2402 1052 2446; x_wconf 93' lang='lat' dir='ltr'>in</span> <span class='ocrx_word' id='word_1_284' title='bbox 1075 2396 1322 2460; x_wconf 90' lang='lat' dir='ltr'>arboribus,</span> <span class='ocrx_word' id='word_1_285' title='bbox 1351 2396 1511 2465; x_wconf 91' lang='lat' dir='ltr'>quibus</span> <span class='ocrx_word' id='word_1_286' title='bbox 1525 2395 1662 2445; x_wconf 74' lang='lat' dir='ltr'>avulsi</span> <span class='ocrx_word' id='word_1_287' title='bbox 1683 2395 1780 2446; x_wconf 90' lang='lat' dir='ltr'>sunt</span> <span class='ocrx_word' id='word_1_288' title='bbox 1794 2415 1952 2448; x_wconf 90' lang='lat' dir='ltr'>omnes</span> <span class='ocrx_word' id='word_1_289' title='bbox 1964 2407 2109 2470; x_wconf 74' lang='lat' dir='ltr'>rami5</span> <span class='ocrx_word' id='word_1_290' title='bbox 2142 2400 2306 2456; x_wconf 88' lang='lat' dir='ltr'>foliola</span> 
     </span>
     <span class='ocr_line' id='line_1_31' title="bbox 507 2470 2307 2546; baseline 0.008 -28"><span class='ocrx_word' id='word_1_291' title='bbox 507 2476 692 2537; x_wconf 89' lang='lat' dir='ltr'>etenim,</span> <span class='ocrx_word' id='word_1_292' title='bbox 703 2473 863 2542; x_wconf 90' lang='lat' dir='ltr'>quibus</span> <span class='ocrx_word' id='word_1_293' title='bbox 874 2493 1059 2542; x_wconf 85' lang='lat' dir='ltr'>gemma</span> <span class='ocrx_word' id='word_1_294' title='bbox 1072 2473 1225 2543; x_wconf 79' lang='lat' dir='ltr'>primo</span> <span class='ocrx_word' id='word_1_295' title='bbox 1237 2489 1435 2536; x_wconf 85' lang='lat' dir='ltr'>ornatur,</span> <span class='ocrx_word' id='word_1_296' title='bbox 1448 2490 1610 2541; x_wconf 89' lang='lat' dir='ltr'>parum</span> <span class='ocrx_word' id='word_1_297' title='bbox 1624 2470 1886 2537; x_wconf 76' lang='lat' dir='ltr'>excrescunt,</span> <span class='ocrx_word' id='word_1_298' title='bbox 1908 2474 2120 2546; x_wconf 89' lang='lat' dir='ltr'>elongato</span> <span class='ocrx_word' id='word_1_299' title='bbox 2134 2481 2307 2532; x_wconf 89' lang='lat' dir='ltr'>tenello</span> 
     </span>
     <span class='ocr_line' id='line_1_32' title="bbox 506 2544 2303 2627; baseline 0.009 -33"><span class='ocrx_word' id='word_1_300' title='bbox 506 2544 700 2616; x_wconf 80' lang='lat' dir='ltr'>surculo3</span> <span class='ocrx_word' id='word_1_301' title='bbox 738 2555 785 2598; x_wconf 73' lang='grc' dir='ltr'>δι</span> <span class='ocrx_word' id='word_1_302' title='bbox 802 2552 847 2597; x_wconf 93' lang='lat' dir='ltr'>in</span> <span class='ocrx_word' id='word_1_303' title='bbox 862 2549 1060 2618; x_wconf 91' lang='lat' dir='ltr'>pluribus</span> <span class='ocrx_word' id='word_1_304' title='bbox 1082 2549 1314 2599; x_wconf 90' lang='lat' dir='ltr'>arboribus</span> <span class='ocrx_word' id='word_1_305' title='bbox 1328 2550 1355 2598; x_wconf 74' lang='lat' dir='ltr'>a</span> <span class='ocrx_word' id='word_1_306' title='bbox 1367 2549 1515 2618; x_wconf 89' lang='lat' dir='ltr'>lignea</span> <span class='ocrx_word' id='word_1_307' title='bbox 1529 2552 1740 2617; x_wconf 91' lang='lat' dir='ltr'>germinis</span> <span class='ocrx_word' id='word_1_308' title='bbox 1758 2566 1898 2619; x_wconf 88' lang='lat' dir='ltr'>parte,</span> <span class='ocrx_word' id='word_1_309' title='bbox 1915 2570 2012 2621; x_wconf 87' lang='lat' dir='ltr'>quae</span> <span class='ocrx_word' id='word_1_310' title='bbox 2026 2558 2303 2627; x_wconf 88' lang='lat' dir='ltr'>intercipitur</span> 
     </span>
     <span class='ocr_line' id='line_1_33' title="bbox 506 2621 2302 2696; baseline 0.008 -25"><span class='ocrx_word' id='word_1_311' title='bbox 506 2624 532 2672; x_wconf 72' lang='lat' dir='ltr'>a</span> <span class='ocrx_word' id='word_1_312' title='bbox 545 2621 760 2674; x_wconf 90' lang='lat' dir='ltr'>foliorum</span> <span class='ocrx_word' id='word_1_313' title='bbox 779 2626 942 2690; x_wconf 88' lang='lat' dir='ltr'>radice,</span> <span class='ocrx_word' id='word_1_314' title='bbox 965 2645 1198 2695; x_wconf 87' lang='lat' dir='ltr'>erumpere</span> <span class='ocrx_word' id='word_1_315' title='bbox 1240 2629 1395 2695; x_wconf 91' lang='lat' dir='ltr'>incipit</span> <span class='ocrx_word' id='word_1_316' title='bbox 1411 2623 1575 2674; x_wconf 92' lang='lat' dir='ltr'>folium</span> <span class='ocrx_word' id='word_1_317' title='bbox 1600 2625 1774 2691; x_wconf 87' lang='lat' dir='ltr'>stabile,</span> <span class='ocrx_word' id='word_1_318' title='bbox 1796 2627 1922 2696; x_wconf 88' lang='lat' dir='ltr'>quod</span> <span class='ocrx_word' id='word_1_319' title='bbox 1940 2625 2097 2682; x_wconf 85' lang='lat' dir='ltr'>senfim</span> <span class='ocrx_word' id='word_1_320' title='bbox 2118 2639 2302 2686; x_wconf 68' lang='lat' dir='ltr'>austum</span> 
     </span>
     <span class='ocr_line' id='line_1_34' title="bbox 506 2699 2304 2780; baseline 0.009 -34"><span class='ocrx_word' id='word_1_321' title='bbox 506 2700 773 2767; x_wconf 80' lang='lat' dir='ltr'>explicatur,</span> <span class='ocrx_word' id='word_1_322' title='bbox 807 2708 855 2750; x_wconf 91' lang='lat'>&amp;</span> <span class='ocrx_word' id='word_1_323' title='bbox 884 2701 1113 2770; x_wconf 78' lang='lat' dir='ltr'>postremo</span> <span class='ocrx_word' id='word_1_324' title='bbox 1134 2702 1314 2770; x_wconf 72' lang='lat' dir='ltr'>propria</span> <span class='ocrx_word' id='word_1_325' title='bbox 1339 2700 1534 2751; x_wconf 90' lang='lat' dir='ltr'>donatur</span> <span class='ocrx_word' id='word_1_326' title='bbox 1566 2699 1734 2771; x_wconf 67' lang='lat' dir='ltr'>figura,</span> <span class='ocrx_word' id='word_1_327' title='bbox 1768 2707 1948 2754; x_wconf 91' lang='lat' dir='ltr'>interim</span> <span class='ocrx_word' id='word_1_328' title='bbox 1974 2723 2125 2758; x_wconf 88' lang='lat' dir='ltr'>tamen</span> <span class='ocrx_word' id='word_1_329' title='bbox 2152 2717 2304 2780; x_wconf 87' lang='lat' dir='ltr'>prima</span> 
     </span>
     <span class='ocr_line' id='line_1_35' title="bbox 506 2775 2302 2852; baseline 0.009 -28"><span class='ocrx_word' id='word_1_330' title='bbox 506 2795 698 2844; x_wconf 84' lang='lat' dir='ltr'>gemmae</span> <span class='ocrx_word' id='word_1_331' title='bbox 726 2775 883 2827; x_wconf 89' lang='lat' dir='ltr'>foliola</span> <span class='ocrx_word' id='word_1_332' title='bbox 896 2783 1132 2848; x_wconf 85' lang='lat' dir='ltr'>proprium</span> <span class='ocrx_word' id='word_1_333' title='bbox 1145 2776 1362 2828; x_wconf 88' lang='lat' dir='ltr'>servantia</span> <span class='ocrx_word' id='word_1_334' title='bbox 1382 2777 1530 2842; x_wconf 88' lang='lat' dir='ltr'>fitum,</span> <span class='ocrx_word' id='word_1_335' title='bbox 1557 2778 1725 2828; x_wconf 91' lang='lat' dir='ltr'>stabilis</span> <span class='ocrx_word' id='word_1_336' title='bbox 1748 2778 1848 2830; x_wconf 90' lang='lat' dir='ltr'>folii</span> <span class='ocrx_word' id='word_1_337' title='bbox 1863 2782 2082 2835; x_wconf 88' lang='lat' dir='ltr'>radicibus</span> <span class='ocrx_word' id='word_1_338' title='bbox 2105 2787 2272 2840; x_wconf 85' lang='lat' dir='ltr'>haerent</span> <span class='ocrx_word' id='word_1_339' title='bbox 2286 2829 2302 2852; x_wconf 91' lang='lat'>‚</span> 
     </span>
     <span class='ocr_line' id='line_1_36' title="bbox 510 2852 2296 2931; baseline 0.008 -31"><span class='ocrx_word' id='word_1_340' title='bbox 510 2858 559 2900; x_wconf 91' lang='lat'>&amp;</span> <span class='ocrx_word' id='word_1_341' title='bbox 581 2852 705 2902; x_wconf 91' lang='lat' dir='ltr'>brevi</span> <span class='ocrx_word' id='word_1_342' title='bbox 730 2854 940 2903; x_wconf 75' lang='lat' dir='ltr'>exsiccata</span> <span class='ocrx_word' id='word_1_343' title='bbox 965 2855 1188 2903; x_wconf 89' lang='lat' dir='ltr'>decidunt.</span> <span class='ocrx_word' id='word_1_344' title='bbox 1255 2857 1356 2902; x_wconf 91' lang='lat' dir='ltr'>Hoc</span> <span class='ocrx_word' id='word_1_345' title='bbox 1385 2859 1432 2902; x_wconf 91' lang='lat' dir='ltr'>in</span> <span class='ocrx_word' id='word_1_346' title='bbox 1453 2873 1593 2919; x_wconf 81' lang='lat' dir='ltr'>quercu</span> <span class='ocrx_word' id='word_1_347' title='bbox 1612 2855 1838 2907; x_wconf 90' lang='lat' dir='ltr'>delineato</span> <span class='ocrx_word' id='word_1_348' title='bbox 1858 2860 2080 2928; x_wconf 73' lang='lat' dir='ltr'>progressu</span> <span class='ocrx_word' id='word_1_349' title='bbox 2100 2863 2270 2931; x_wconf 89' lang='lat' dir='ltr'>patebit</span> <span class='ocrx_word' id='word_1_350' title='bbox 2285 2911 2296 2921; x_wconf 87' lang='grc'><em>,</em></span> 
     </span>
     <span class='ocr_line' id='line_1_37' title="bbox 510 2926 2299 3006; baseline 0.008 -32"><span class='ocrx_word' id='word_1_351' title='bbox 510 2932 557 2975; x_wconf 91' lang='lat' dir='ltr'>in</span> <span class='ocrx_word' id='word_1_352' title='bbox 578 2928 675 2977; x_wconf 89' lang='lat' dir='ltr'>aliis</span> <span class='ocrx_word' id='word_1_353' title='bbox 684 2931 813 2993; x_wconf 76' lang='lat' dir='ltr'>vero,</span> <span class='ocrx_word' id='word_1_354' title='bbox 840 2947 887 2979; x_wconf 93' lang='lat' dir='ltr'>ut</span> <span class='ocrx_word' id='word_1_355' title='bbox 902 2934 947 2978; x_wconf 92' lang='lat' dir='ltr'>in</span> <span class='ocrx_word' id='word_1_356' title='bbox 973 2934 1125 2995; x_wconf 57' lang='lat' dir='ltr'>prunis,</span> <span class='ocrx_word' id='word_1_357' title='bbox 1149 2935 1407 2998; x_wconf 81' lang='lat' dir='ltr'>germinum</span> <span class='ocrx_word' id='word_1_358' title='bbox 1433 2929 1591 2981; x_wconf 90' lang='lat' dir='ltr'>foliola</span> <span class='ocrx_word' id='word_1_359' title='bbox 1616 2950 1776 3000; x_wconf 85' lang='lat' dir='ltr'>parum</span> <span class='ocrx_word' id='word_1_360' title='bbox 1799 2934 2007 3006; x_wconf 86' lang='lat' dir='ltr'>elongata</span> <span class='ocrx_word' id='word_1_361' title='bbox 2026 2941 2177 2990; x_wconf 76' lang='lat' dir='ltr'>versus</span> <span class='ocrx_word' id='word_1_362' title='bbox 2196 2926 2299 2992; x_wconf 56' lang='lat' dir='ltr'>mu:</span> 
     </span>
     <span class='ocr_line' id='line_1_38' title="bbox 510 3008 2296 3088; baseline 0.011 -35"><span class='ocrx_word' id='word_1_363' title='bbox 510 3025 694 3055; x_wconf 87' lang='lat' dir='ltr'>cronem</span> <span class='ocrx_word' id='word_1_364' title='bbox 710 3008 910 3058; x_wconf 88' lang='lat' dir='ltr'>incisuras</span> <span class='ocrx_word' id='word_1_365' title='bbox 925 3014 1168 3078; x_wconf 86' lang='lat' dir='ltr'>patiuntur,</span> <span class='ocrx_word' id='word_1_366' title='bbox 1195 3011 1285 3079; x_wconf 85' lang='lat' dir='ltr'>ipse</span> <span class='ocrx_word' id='word_1_367' title='bbox 1300 3013 1411 3061; x_wconf 78' lang='lat' dir='ltr'>vero</span> <span class='ocrx_word' id='word_1_368' title='bbox 1425 3013 1642 3077; x_wconf 83' lang='lat' dir='ltr'>excrescit,</span> <span class='ocrx_word' id='word_1_369' title='bbox 1672 3022 1719 3064; x_wconf 85' lang='lat'>&amp;</span> <span class='ocrx_word' id='word_1_370' title='bbox 1733 3017 1951 3085; x_wconf 64' lang='lat' dir='ltr'>producto</span> <span class='ocrx_word' id='word_1_371' title='bbox 1963 3020 2136 3088; x_wconf 88' lang='lat' dir='ltr'>petiolo</span> <span class='ocrx_word' id='word_1_372' title='bbox 2152 3025 2199 3070; x_wconf 92' lang='lat' dir='ltr'>in</span> <span class='ocrx_word' id='word_1_373' title='bbox 2212 3021 2296 3070; x_wconf 82' lang='lat' dir='ltr'>sta-</span> 
     </span>
     <span class='ocr_line' id='line_1_39' title="bbox 512 3078 2296 3156; baseline 0.01 -30"><span class='ocrx_word' id='word_1_374' title='bbox 512 3078 601 3128; x_wconf 89' lang='lat' dir='ltr'>bile</span> <span class='ocrx_word' id='word_1_375' title='bbox 636 3078 800 3130; x_wconf 92' lang='lat' dir='ltr'>folium</span> <span class='ocrx_word' id='word_1_376' title='bbox 821 3084 1083 3148; x_wconf 86' lang='lat' dir='ltr'>extenditur,</span> <span class='ocrx_word' id='word_1_377' title='bbox 1108 3084 1219 3132; x_wconf 90' lang='lat' dir='ltr'>dum</span> <span class='ocrx_word' id='word_1_378' title='bbox 1242 3083 1459 3136; x_wconf 88' lang='lat' dir='ltr'>laciniatae</span> <span class='ocrx_word' id='word_1_379' title='bbox 1480 3087 1708 3156; x_wconf 70' lang='lat' dir='ltr'>particulae</span> <span class='ocrx_word' id='word_1_380' title='bbox 1733 3094 1779 3139; x_wconf 91' lang='lat' dir='ltr'>in</span> <span class='ocrx_word' id='word_1_381' title='bbox 1799 3092 1964 3143; x_wconf 89' lang='lat' dir='ltr'>caduca</span> <span class='ocrx_word' id='word_1_382' title='bbox 1976 3092 2132 3144; x_wconf 87' lang='lat' dir='ltr'>foliola</span> <span class='ocrx_word' id='word_1_383' title='bbox 2153 3093 2296 3143; x_wconf 88' lang='lat' dir='ltr'>exsur-</span> 
     </span>
     <span class='ocr_line' id='line_1_40' title="bbox 512 3157 2292 3238; baseline 0.01 -37"><span class='ocrx_word' id='word_1_384' title='bbox 512 3171 621 3221; x_wconf 86' lang='lat' dir='ltr'>gunt</span> <span class='ocrx_word' id='word_1_385' title='bbox 639 3186 650 3221; x_wconf 82' lang='lat'><em>3</em></span> <span class='ocrx_word' id='word_1_386' title='bbox 686 3160 732 3204; x_wconf 91' lang='lat' dir='ltr'>in</span> <span class='ocrx_word' id='word_1_387' title='bbox 753 3157 868 3220; x_wconf 89' lang='lat' dir='ltr'>aliis,</span> <span class='ocrx_word' id='word_1_388' title='bbox 885 3157 988 3207; x_wconf 90' lang='lat' dir='ltr'>licet</span> <span class='ocrx_word' id='word_1_389' title='bbox 1003 3159 1126 3207; x_wconf 90' lang='lat' dir='ltr'>idem</span> <span class='ocrx_word' id='word_1_390' title='bbox 1141 3158 1353 3209; x_wconf 87' lang='lat' dir='ltr'>habeatur</span> <span class='ocrx_word' id='word_1_391' title='bbox 1367 3162 1622 3231; x_wconf 83' lang='lat' dir='ltr'>progressus,</span> <span class='ocrx_word' id='word_1_392' title='bbox 1651 3169 1798 3231; x_wconf 88' lang='lat' dir='ltr'>prima</span> <span class='ocrx_word' id='word_1_393' title='bbox 1812 3185 2004 3236; x_wconf 87' lang='lat' dir='ltr'>gemmae</span> <span class='ocrx_word' id='word_1_394' title='bbox 2017 3167 2175 3237; x_wconf 73' lang='lat' dir='ltr'>foliola</span> <span class='ocrx_word' id='word_1_395' title='bbox 2193 3188 2292 3238; x_wconf 88' lang='lat' dir='ltr'>per-</span> 
     </span>
     <span class='ocr_line' id='line_1_41' title="bbox 513 3227 2292 3312; baseline 0.012 -36"><span class='ocrx_word' id='word_1_396' title='bbox 513 3231 650 3295; x_wconf 79' lang='lat' dir='ltr'>petuo</span> <span class='ocrx_word' id='word_1_397' title='bbox 674 3227 771 3280; x_wconf 91' lang='lat' dir='ltr'>folii</span> <span class='ocrx_word' id='word_1_398' title='bbox 787 3233 957 3299; x_wconf 89' lang='lat' dir='ltr'>petiolo</span> <span class='ocrx_word' id='word_1_399' title='bbox 971 3235 1152 3283; x_wconf 86' lang='lat' dir='ltr'>adstant.</span> <span class='ocrx_word' id='word_1_400' title='bbox 1201 3241 1249 3284; x_wconf 90' lang='lat' dir='ltr'>In</span> <span class='ocrx_word' id='word_1_401' title='bbox 1262 3258 1385 3301; x_wconf 85' lang='lat' dir='ltr'>acere,</span> <span class='ocrx_word' id='word_1_402' title='bbox 1413 3245 1491 3288; x_wconf 68' lang='lat' dir='ltr'>vite</span> <span class='ocrx_word' id='word_1_403' title='bbox 1506 3240 1591 3288; x_wconf 86' lang='lat' dir='ltr'>alba</span> <span class='ocrx_word' id='word_1_404' title='bbox 1623 3247 1672 3289; x_wconf 72' lang='grc' dir='ltr'>δι</span> <span class='ocrx_word' id='word_1_405' title='bbox 1698 3240 1829 3292; x_wconf 84' lang='lat' dir='ltr'>fimil.</span> <span class='ocrx_word' id='word_1_406' title='bbox 1856 3244 2015 3294; x_wconf 85' lang='lat' dir='ltr'>foliola</span> <span class='ocrx_word' id='word_1_407' title='bbox 2034 3248 2182 3312; x_wconf 90' lang='lat' dir='ltr'>prima</span> <span class='ocrx_word' id='word_1_408' title='bbox 2203 3255 2292 3298; x_wconf 80' lang='lat' dir='ltr'>mi-</span> 
     </span>
     <span class='ocr_line' id='line_1_42' title="bbox 515 3304 2288 3385; baseline 0.01 -37"><span class='ocrx_word' id='word_1_409' title='bbox 515 3318 679 3352; x_wconf 87' lang='lat' dir='ltr'>tratam</span> <span class='ocrx_word' id='word_1_410' title='bbox 693 3304 899 3354; x_wconf 88' lang='lat' dir='ltr'>habentia</span> <span class='ocrx_word' id='word_1_411' title='bbox 911 3306 1101 3375; x_wconf 85' lang='lat' dir='ltr'>figuram</span> <span class='ocrx_word' id='word_1_412' title='bbox 1125 3313 1172 3357; x_wconf 91' lang='lat' dir='ltr'>in</span> <span class='ocrx_word' id='word_1_413' title='bbox 1182 3329 1396 3360; x_wconf 89' lang='lat' dir='ltr'>mucrone</span> <span class='ocrx_word' id='word_1_414' title='bbox 1412 3311 1560 3378; x_wconf 88' lang='lat' dir='ltr'>incisa,</span> <span class='ocrx_word' id='word_1_415' title='bbox 1584 3316 1846 3383; x_wconf 85' lang='lat' dir='ltr'>appendices</span> <span class='ocrx_word' id='word_1_416' title='bbox 1854 3318 2118 3385; x_wconf 86' lang='lat' dir='ltr'>germinant,</span> <span class='ocrx_word' id='word_1_417' title='bbox 2130 3336 2227 3385; x_wconf 78' lang='lat' dir='ltr'>quae</span> <span class='ocrx_word' id='word_1_418' title='bbox 2241 3323 2288 3366; x_wconf 86' lang='lat' dir='ltr'>in</span> 
     </span>
     <span class='ocr_line' id='line_1_43' title="bbox 515 3377 2287 3460; baseline 0.01 -34"><span class='ocrx_word' id='word_1_419' title='bbox 515 3377 625 3426; x_wconf 89' lang='lat' dir='ltr'>folia</span> <span class='ocrx_word' id='word_1_420' title='bbox 653 3382 970 3447; x_wconf 88' lang='lat' dir='ltr'>extenduntur,</span> <span class='ocrx_word' id='word_1_421' title='bbox 1001 3385 1224 3454; x_wconf 90' lang='lat' dir='ltr'>reliquum</span> <span class='ocrx_word' id='word_1_422' title='bbox 1248 3388 1357 3436; x_wconf 77' lang='lat' dir='ltr'>vero</span> <span class='ocrx_word' id='word_1_423' title='bbox 1383 3407 1541 3456; x_wconf 87' lang='lat' dir='ltr'>parum</span> <span class='ocrx_word' id='word_1_424' title='bbox 1574 3391 1855 3458; x_wconf 86' lang='lat' dir='ltr'>gracilescens</span> <span class='ocrx_word' id='word_1_425' title='bbox 1879 3395 1925 3439; x_wconf 89' lang='lat' dir='ltr'>in</span> <span class='ocrx_word' id='word_1_426' title='bbox 1945 3389 2043 3442; x_wconf 90' lang='lat' dir='ltr'>folii</span> <span class='ocrx_word' id='word_1_427' title='bbox 2066 3393 2287 3460; x_wconf 83' lang='lat' dir='ltr'>petiolum</span> 
     </span>
     <span class='ocr_line' id='line_1_44' title="bbox 515 3450 2285 3536; baseline 0.011 -37"><span class='ocrx_word' id='word_1_428' title='bbox 515 3450 767 3503; x_wconf 89' lang='lat' dir='ltr'>absumitur.</span> <span class='ocrx_word' id='word_1_429' title='bbox 836 3462 885 3505; x_wconf 90' lang='lat' dir='ltr'>In</span> <span class='ocrx_word' id='word_1_430' title='bbox 912 3461 1003 3508; x_wconf 82' lang='lat' dir='ltr'>ruho</span> <span class='ocrx_word' id='word_1_431' title='bbox 1021 3467 1152 3510; x_wconf 85' lang='lat' dir='ltr'>canino</span> <span class='ocrx_word' id='word_1_432' title='bbox 1178 3464 1301 3511; x_wconf 90' lang='lat' dir='ltr'>idem</span> <span class='ocrx_word' id='word_1_433' title='bbox 1335 3468 1487 3512; x_wconf 86' lang='lat' dir='ltr'>mirari</span> <span class='ocrx_word' id='word_1_434' title='bbox 1517 3465 1618 3514; x_wconf 91' lang='lat' dir='ltr'>licet</span> <span class='ocrx_word' id='word_1_435' title='bbox 1644 3485 1955 3536; x_wconf 78' lang='lat' dir='ltr'>augmentum3</span> <span class='ocrx_word' id='word_1_436' title='bbox 1991 3467 2103 3516; x_wconf 84' lang='lat' dir='ltr'>binae</span> <span class='ocrx_word' id='word_1_437' title='bbox 2134 3484 2285 3518; x_wconf 84' lang='lat' dir='ltr'>tamen</span> 
     </span>
    </p>
   </div>
   <div class='ocr_carea' id='block_1_6' title="bbox 517 3533 2284 3682">
    <p class='ocr_par' dir='ltr' id='par_1_7' title="bbox 517 3533 2284 3682">
     <span class='ocr_line' id='line_1_45' title="bbox 517 3533 2284 3608; baseline 0.001 -22"><span class='ocrx_word' id='word_1_438' title='bbox 517 3534 742 3599; x_wconf 76' lang='lat' dir='ltr'>portiones</span> <span class='ocrx_word' id='word_1_439' title='bbox 766 3538 934 3602; x_wconf 86' lang='lat' dir='ltr'>antiqui</span> <span class='ocrx_word' id='word_1_440' title='bbox 965 3533 1062 3584; x_wconf 88' lang='lat' dir='ltr'>folii</span> <span class='ocrx_word' id='word_1_441' title='bbox 1075 3539 1291 3604; x_wconf 69' lang='lat' dir='ltr'>producto</span> <span class='ocrx_word' id='word_1_442' title='bbox 1307 3540 1478 3608; x_wconf 91' lang='lat' dir='ltr'>petiolo</span> <span class='ocrx_word' id='word_1_443' title='bbox 1498 3542 1599 3590; x_wconf 91' lang='lat' dir='ltr'>hinc</span> <span class='ocrx_word' id='word_1_444' title='bbox 1624 3543 1727 3592; x_wconf 90' lang='lat' dir='ltr'>inde</span> <span class='ocrx_word' id='word_1_445' title='bbox 1740 3544 1925 3605; x_wconf 86' lang='lat' dir='ltr'>adstant,</span> <span class='ocrx_word' id='word_1_446' title='bbox 1941 3549 1987 3591; x_wconf 88' lang='lat'>&amp;</span> <span class='ocrx_word' id='word_1_447' title='bbox 2004 3543 2126 3592; x_wconf 82' lang='lat' dir='ltr'>brevi</span> <span class='ocrx_word' id='word_1_448' title='bbox 2143 3544 2284 3595; x_wconf 86' lang='lat' dir='ltr'>colla-</span> 
     </span>
     <span class='ocr_line' id='line_1_46' title="bbox 518 3605 2284 3682; baseline 0.001 -20"><span class='ocrx_word' id='word_1_449' title='bbox 518 3605 689 3653; x_wconf 87' lang='lat' dir='ltr'>buntur.</span> <span class='ocrx_word' id='word_1_450' title='bbox 736 3608 785 3652; x_wconf 86' lang='lat' dir='ltr'>In</span> <span class='ocrx_word' id='word_1_451' title='bbox 799 3627 889 3655; x_wconf 81' lang='lat' dir='ltr'>nuce</span> <span class='ocrx_word' id='word_1_452' title='bbox 900 3612 1062 3673; x_wconf 82' lang='lat' dir='ltr'>pariter</span> <span class='ocrx_word' id='word_1_453' title='bbox 1077 3612 1338 3661; x_wconf 76' lang='lat' dir='ltr'>convolutas</span> <span class='ocrx_word' id='word_1_454' title='bbox 1363 3614 1735 3682; x_wconf 86' lang='lat' dir='ltr'>complicatasque</span> <span class='ocrx_word' id='word_1_455' title='bbox 1759 3614 1921 3665; x_wconf 85' lang='lat' dir='ltr'>habent</span> <span class='ocrx_word' id='word_1_456' title='bbox 1940 3617 1986 3662; x_wconf 89' lang='lat' dir='ltr'>in</span> <span class='ocrx_word' id='word_1_457' title='bbox 2004 3619 2284 3665; x_wconf 85' lang='lat' dir='ltr'>extremitate</span> 
     </span>
    </p>
   </div>
   <div class='ocr_carea' id='block_1_7' title="bbox 2116 3705 2279 3756">
    <p class='ocr_par' dir='ltr' id='par_1_8' title="bbox 2116 3705 2279 3756">
     <span class='ocr_line' id='line_1_47' title="bbox 2116 3705 2279 3756; baseline -0.006 -20"><span class='ocrx_word' id='word_1_458' title='bbox 2116 3705 2279 3756; x_wconf 70' lang='lat' dir='ltr'>appen-</span> 
     </span>
    </p>
   </div>
  </div>
 </body>
</html>
