2600 3952
908 194 1221 262 QAnatome
1245 191 1589 265 Plantarum.

337 313 471 360 terior
497 329 648 368 cortex
662 313 851 363 luxuriat
868 352 881 374 ,
906 329 995 359 non
1012 312 1209 360 adauctis
1238 315 1378 364 adhuc
1405 314 1572 365 tenellis
1586 315 1741 385 ligneis
1753 314 1890 379 fibris,
1922 335 2115 385 quarum

336 385 612 434 incremento
637 386 723 436 fere
736 382 1029 450 contabescit3
1063 385 1179 432 unde
1192 387 1235 431 in
1250 384 1486 436 infantibus
1513 407 1690 440 tantum
1704 391 1880 440 surculis
1900 394 2112 461 perpetuo

333 462 574 525 reperitur3
607 463 717 526 quin
749 464 796 506 &
826 456 986 504 eadem
998 456 1315 524 phoenomena,
1346 476 1443 525 quae
1472 463 1697 511 incorticis
1715 464 1910 516 utriculis
1935 467 2110 513 contin-

332 548 454 598 gunt,
465 532 732 598 quandoque
745 533 789 576 in
807 530 1007 579 medulla
1024 547 1276 579 occurrunt.

398 610 446 653 In
457 622 585 653 ramo
587 607 712 670 populi
731 603 1107 672 vemstiffimae,cuj
1112 623 1160 653 us
1185 604 1339 654 surculi
1354 612 1402 654 δι’,
1414 609 1607 657 minores
1622 611 1734 657 rami
1748 609 1982 661 breviffimi
1996 611 2110 676 sunt,

330 678 523 727 instituta
541 696 620 746 per
640 676 929 728 transversum
956 678 1164 740 sedtione,
1190 694 1340 727 cortex
1365 678 1518 729 crassus
1549 683 1736 730 occurrit
1757 701 1833 745 27,
1859 687 2109 739 innumeras

328 767 533 800 tartareas
557 752 775 803 tesserasA
794 756 906 804 inter
920 756 1115 801 minores
1140 751 1348 801 utriculos
1373 757 1602 802 continens
1616 786 1628 821 3
1664 757 1847 804 interius
1867 756 2108 810 detruncati

326 822 537 874 fibrarum
550 825 802 894 lignearum
813 843 1050 876 excurrunt
1062 826 1236 875 ordines
1250 827 1308 890 Β,
1326 824 1400 875 sub
1414 827 1574 896 quibus
1588 828 1877 877 utriculorum
1896 833 2107 880 minimo-

325 918 426 948 rum
443 919 558 951 zona
571 906 604 951 C
610 903 854 952 extenditur
871 944 885 967 ,
911 919 1010 971 quae
1037 901 1237 970 ligneum
1259 901 1511 968 cylindrum
1525 902 1690 965 ambit,
1720 923 1824 953 curn
1850 905 1932 953 hac
1957 924 2108 957 tamen

324 977 520 1039 ratione,
545 993 596 1025 ut
623 980 811 1044 geminis
828 980 874 1025 in
899 976 1004 1025 locis
1026 979 1088 1038 D,
1119 975 1265 1024 laxata
1298 975 1407 1044 ligni
1433 994 1669 1044 compage,
1696 981 1869 1026 corticis
1894 979 2109 1028 utriculo-

322 1065 425 1096 rum
440 1050 613 1098 ordines
627 1053 666 1098 E
698 1069 804 1098 cum
835 1050 1031 1099 medulla
1053 1053 1388 1113 continuentur,
1423 1053 1470 1099 in
1497 1066 1588 1118 qua
1603 1069 1695 1098 non
1709 1067 1885 1100 tantum
1897 1053 2105 1102 utriculo-

321 1139 425 1170 rum
452 1125 613 1175 eadem
651 1122 809 1194 species
849 1125 967 1175 adest
982 1168 996 1190 ,
1041 1122 1113 1174 sed
1143 1132 1192 1176 &
1221 1143 1405 1176 tartarea
1438 1145 1625 1195 corpora
1652 1127 1688 1175 F
1730 1126 1905 1194 copiose
1931 1127 2103 1176 recolli-

319 1211 498 1262 guntur.

386 1271 654 1337 Inferulacebs
677 1274 940 1341 &fruticibws
970 1270 1238 1341 quibusdam
1261 1272 1480 1323 brevioris
1507 1274 1594 1328 vite
1614 1311 1628 1334 ,
1661 1269 1840 1339 copiosa
1861 1289 1981 1321 extat
2006 1290 2101 1320 me-

318 1341 470 1406 dulla,
504 1343 676 1395 sortasse
690 1363 738 1395 ut
760 1351 808 1395 in
819 1348 1012 1396 liberiori
1032 1347 1133 1396 loco
1148 1347 1387 1416 multiplex
1417 1346 1578 1395 humor
1604 1362 1893 1412 excoquatur,
1924 1353 1971 1396 δι
1997 1344 2101 1394 faci-

316 1417 400 1466 lius
413 1422 599 1486 expiret,
611 1427 657 1470 δι
673 1421 795 1470 ficuti
818 1423 907 1471 cito.
919 1421 1127 1484 crescunt,
1143 1423 1232 1470 cito
1259 1426 1422 1490 pariter
1440 1437 1646 1490 pereunt,
1682 1437 1847 1488 aqueus
1865 1426 1991 1470 enim
2016 1438 2101 1469 nu-

315 1494 484 1542 tritivus
498 1493 675 1556 humor,
688 1495 886 1543 medulla
901 1512 1144 1554 contentus,
1160 1513 1249 1541 non
1269 1493 1410 1542 talem
1429 1494 1592 1561 praebet
1604 1492 1895 1557 soliditatem,
1915 1493 2100 1562 qualem

315 1565 491 1632 reliquis
502 1566 732 1614 arboribus
757 1566 1053 1615 transversales
1080 1565 1369 1613 utriculorum
1385 1567 1559 1614 ordines
1571 1569 1900 1633 impertiuntur.
1970 1573 2097 1632 Qa-

312 1654 361 1684 re
372 1637 658 1705 probabiliter
670 1642 908 1707 conjethari
922 1638 1160 1707 possumus,
1171 1638 1430 1705 plantarum
1442 1637 1694 1706 hujusmodi
1706 1639 1945 1701 medullas,
1959 1638 2096 1687 trans-

312 1711 497 1761 versales
512 1713 595 1763 effe
624 1713 913 1763 utriculorum
928 1712 1114 1775 ordines,
1139 1710 1357 1762 hincinde
1371 1713 1396 1761 a
1411 1710 1608 1780 dispersis
1637 1708 1856 1759 fibrarum
1887 1705 2099 1758 fasciculis

312 1785 568 1851 pendentes,
586 1804 667 1835 nec
679 1785 892 1836 fibrarum
908 1786 1156 1854 [ignearum
1169 1783 1478 1852 implicatione
1496 1783 1681 1847 firmari,
1708 1784 1841 1834 velut
1853 1783 2033 1852 reliquis
2050 1783 2100 1831 li-

309 1861 432 1925 gneis
445 1858 656 1908 arborum
670 1863 931 1909 contexturis
944 1859 1118 1908 accidit.

377 1933 594 1982 Medulla:
629 1932 727 1982 usus
752 1933 866 1982 olim
901 1932 1092 2002 insignis,
1130 1933 1252 1983 cordi
1270 1939 1330 1982 ¹&
1353 1932 1534 1981 cerebro
1567 1933 1778 2000 analogus
1810 1929 2097 2000 credebatur3

311 2006 613 2059 transversales
638 2025 790 2059 autem
817 2010 994 2059 ordines
1014 2052 1027 2073 ,
1060 2013 1145 2060 una
1160 2031 1265 2060 cum
1278 2011 1494 2074 medulla,
1521 2007 1755 2078 conspicuo
1785 2016 1832 2058 ὅτ,
1865 2015 2099 2058 communi

312 2077 404 2130 usui
429 2082 631 2132 inservire
655 2081 821 2131 necesse
837 2082 912 2130 esta
980 2081 1216 2131 Probabile
1243 2087 1376 2150 igitur
1390 2083 1469 2144 est,
1487 2082 1680 2143 succum,
1698 2085 1777 2147 qui
1796 2099 1874 2147 per
1898 2081 2027 2128 fibras
2044 2083 2095 2129 li-

311 2170 446 2220 gneas
461 2155 627 2204 sursum
640 2152 792 2218 fertur,
818 2173 892 2221 per
905 2154 1082 2202 caulem
1096 2161 1144 2204 &
1161 2156 1405 2216 caudicem,
1418 2152 1720 2220 appensusque
1734 2169 1900 2214 ramOS,
1926 2157 1973 2200 in
1988 2158 2094 2202 utri-

312 2228 519 2279 culorum
535 2228 730 2282 laterales
744 2237 791 2279 &
809 2232 1081 2278 continuatas
1115 2230 1379 2297 appendices
1394 2227 1547 2275 senfim
1564 2231 1811 2289 exonerari,
1827 2227 1979 2295 ibique
1996 2230 2093 2278 diu-

313 2307 500 2353 turniori
528 2304 820 2353 intercedente
833 2303 959 2350 mora
975 2306 1021 2350 in
1037 2305 1301 2350 nutritivum
1320 2298 1495 2348 succum
1509 2300 1651 2348 evehi.
1720 2305 1792 2362 Et,
1820 2301 1915 2365 ficut
1940 2305 1986 2350 in
2000 2307 2094 2351 ani-

310 2374 503 2426 malibus
521 2375 727 2443 perfestis
741 2391 860 2423 nova
875 2373 1092 2421 alimonia
1110 2372 1186 2421 sub
1202 2371 1321 2439 chyli
1338 2370 1477 2440 specie
1491 2391 1627 2422 venas
1651 2371 1863 2421 subintrat
1873 2413 1887 2435 ,
1921 2373 1996 2422 ubi
2014 2395 2091 2426 an-

310 2454 438 2519 tiquo
448 2446 644 2517 sanguini
662 2489 676 2512 ,
706 2446 906 2516 pluribus
919 2446 1060 2496 ditato
1072 2443 1314 2509 fermentis,
1332 2445 1534 2513 (lympha
1532 2444 1621 2512 scil.
1636 2461 1681 2495 et
1695 2444 1832 2512 aliis,)
1867 2452 2094 2497 commix-

311 2541 378 2573 tus
390 2526 573 2592 perenni
586 2524 837 2572 circulationia
845 2538 974 2570 motu
990 2537 1174 2584 rotatus,
1198 2524 1328 2569 totius
1342 2522 1540 2587 corporis
1551 2519 1739 2582 habitus,
1751 2519 1991 2587 peculiares
2005 2520 2094 2587 scil.

313 2603 536 2660 carnium,
551 2596 790 2659 viscerum,
802 2595 1200 2646 &interstitiorum
1218 2594 1427 2658 officinas,
1444 2593 1669 2657 subintrat,
1697 2597 1721 2643 a
1736 2594 1897 2662 quibus
1911 2597 2094 2646 recolle-

313 2678 402 2736 cta,
425 2670 582 2722 sensim
597 2671 892 2720 determinata
905 2665 1119 2718 fermenta
1130 2673 1304 2737 recipit,
1339 2684 1402 2730 ur,
1425 2667 1589 2717 horum
1604 2685 1692 2738 ope
1704 2668 1761 2716 ad
1778 2667 1979 2717 debitam
1994 2688 2096 2720 eve-

313 2754 407 2798 &us
424 2763 648 2810 naturam,
675 2743 926 2795 succedente
948 2744 1209 2814 transpiratu
1239 2751 1286 2794 &
1311 2760 1691 2794 excrementorum
1718 2747 2063 2812 praecipitatione
2080 2787 2093 2807 ,

314 2821 521 2871 animalis
534 2824 690 2870 munia
702 2817 842 2868 subire
855 2820 981 2886 poffit
997 2850 1008 2885 3
1050 2823 1112 2868 Ita
1124 2823 1170 2867 in
1183 2819 1344 2886 plantis
1361 2817 1529 2867 delatus
1540 2814 1565 2866 a
1581 2817 1736 2887 ligneis
1766 2816 1918 2866 fistulis
1940 2819 2094 2867 crudus

314 2895 456 2944 adhuc
474 2893 620 2944 succus
646 2892 767 2941 illico
780 2891 1014 2940 affimditur
1028 2895 1215 2959 antiquo
1230 2899 1275 2941 &
1288 2896 1385 2958 jam
1397 2895 1658 2959 perennanti
1678 2894 1725 2938 in
1746 2889 1940 2939 utriculis
1954 2892 2094 2957 succo,

315 2967 566 3036 &longiori
583 2966 708 3015 mora
744 2969 789 3013 in
806 2981 1010 3015 naturam
1045 2965 1167 3032 quali
1196 2962 1402 3013 fermenti
1427 2964 1657 3012 exaltatur.
1726 2967 1813 3010 Hic
1838 2965 1966 3030 igitur
1986 2983 2093 3012 con-

315 3040 538 3109 quiescens
565 3041 728 3089 humor
759 3038 1103 3106 proportionales
1129 3035 1455 3086 fermentorum
1481 3033 1680 3086 miscelas
1706 3038 1860 3102 recipit
1878 3077 1890 3098 ,
1920 3040 2095 3103 quasin

316 3114 588 3164 animalibus
618 3110 787 3180 sanguis
813 3115 859 3160 in
872 3113 1154 3161 circulatione
1171 3111 1404 3160 visceribus
1418 3117 1465 3159 &
1488 3109 1660 3159 ambitu
1675 3113 1903 3179 perquirit.
1970 3116 2095 3162 Con-

317 3191 520 3254 coquitur
530 3191 682 3254 itaque
694 3189 741 3232 in
754 3184 1104 3234 horizontalibus
1115 3184 1310 3233 utriculis
1324 3191 1369 3233 δι
1381 3182 1578 3232 medulla
1593 3186 1682 3252 ipsa
1697 3182 1857 3246 succus,
1876 3191 1922 3232 &
1939 3188 1985 3233 in
2002 3188 2097 3255 ipfis

317 3258 572 3308 recollectus
599 3257 851 3319 asservatur,
872 3276 917 3306 ut
929 3254 1080 3308 suturis
1105 3264 1152 3305 &
1167 3258 1371 3324 proxime
1394 3260 1608 3324 erupturis
1625 3258 1831 3324 gemmis,
1866 3264 1912 3306 &
1929 3258 2102 3313 tenellis

318 3331 434 3383 foliis
448 3334 603 3402 ptaesto
615 3332 677 3382 fit.
725 3335 843 3380 Hinc
859 3326 1028 3381 fortasse
1040 3331 1215 3393 bulbuS,
1227 3350 1354 3399 caepe,
1372 3337 1419 3379 &
1434 3329 1610 3392 similia,
1624 3329 1872 3378 crassiorem
1890 3329 1965 3379 sub
1983 3350 2097 3380 terra

315 3407 512 3456 condunt
531 3405 654 3474 quasi
664 3400 1253 3466 truncum,transversalibus
1268 3402 1462 3451 utriculis
1474 3402 1776 3473 turgidum,ut
1796 3410 1999 3454 excoctus
2018 3404 2097 3452 hu-

317 3498 420 3528 mor
431 3499 524 3529 non
537 3479 680 3530 solum
704 3475 954 3528 futurorum
970 3474 1179 3526 foliorum
1195 3480 1380 3526 materia
1394 3491 1527 3537 extet,
1554 3475 1643 3541 sed,
1658 3476 1795 3528 veluti
1813 3477 2098 3538 fermentum,

315 3552 374 3602 de
389 3572 512 3603 novo
528 3550 1062 3613 adveniens‚alimentum
1089 3566 1337 3619 concoquat
1370 3557 1417 3599 δε
1442 3549 1623 3619 digerat.
1695 3559 1849 3620 Qare
1863 3555 2018 3603 eadem
2044 3553 2099 3600 de

1345 3628 1387 3677 K
1970 3626 2099 3680 causa

2213 226 2269 286 ¹3
