2600 3952
354 198 412 254 18
921 181 1350 242 MARCELLI
1394 176 1860 237 MALPIGHII

864 444 969 506 De
993 442 1034 507 C
1037 443 1245 509 audicis
1265 462 1561 531 augmenw,
1581 449 1644 511 <7⁴
1670 443 1910 530 Nodis.

638 593 848 641 Rborum
877 598 1023 644 trunci
1050 594 1287 645 succeffivis
1317 613 1539 646 annorum
1560 597 1837 664 temporibus
1868 596 1944 647 sua
1958 596 2191 666 acquirunt
2215 601 2286 648 irr-

513 601 624 732 Α
639 683 865 716 crementa
880 699 892 734 3
927 669 1043 716 unde
1057 671 1101 715 in
1115 671 1341 734 ingentem
1356 672 1493 717 etiam
1508 668 1759 719 excrescunt
1769 670 1945 720 molem
1965 690 1975 719 :
2013 674 2120 720 Haec
2134 675 2288 742 itaque

499 738 567 791 sua
582 759 713 810 egent
728 741 949 807 indagine,
971 747 1018 788 &
1032 757 1079 788 ut
1092 756 1368 808 quaecunque
1382 741 1696 804 additamenta,
1723 743 1947 794 arboribus
1963 748 2288 815 contingentia,

496 831 630 882 prout
645 815 765 875 licet,
789 812 916 860 nobis
931 828 1180 880 emergant,
1205 817 1331 861 varia
1345 810 1623 862 surculorum
1651 810 1873 883 segmenta
1901 817 2181 869 oblervanda
2203 839 2285 871 ve-

270 898 317 945 T
322 914 397 943 ΑΒ,
422 898 462 943 8,
496 891 628 935 nient.
698 890 813 932 Inter
829 902 1002 933 caeteras
1020 885 1197 934 arbores
1210 887 1431 953 patentius
1459 903 1698 935 occurrunt
1715 890 1761 935 in
1776 891 1958 956 castaneis·
1987 910 2064 959 32,
2089 909 2285 960 quarum

497 962 643 1007 icones
657 958 1029 1007 examinabimus.
1097 963 1246 1007 Seitus
1264 956 1454 1009 surculus
1468 977 1717 1027 paucorum
1731 962 1952 1013 menfium
1968 1005 1981 1028 ,
2006 966 2192 1016 tenellus
2205 967 2284 1015 ad-

492 1032 592 1094 huc,
609 1034 797 1080 exterius
823 1036 1023 1100 quinque
1037 1031 1198 1081 obtufis
1212 1032 1384 1101 angulis
1415 1037 1454 1082 A
1464 1036 1662 1101 eminet3
1690 1033 1763 1083 hic
1777 1037 1937 1104 triplici
1952 1038 2122 1089 constat
2145 1055 2285 1110 parte,

490 1104 624 1154 crasso
627 1106 714 1174 scil.
732 1110 898 1154 cortice
911 1106 969 1170 Β,
995 1105 1140 1175 lignea
1166 1111 1371 1175 portione
1386 1109 1430 1170 C,
1444 1112 1492 1156 &
1507 1107 1708 1156 contenta
1736 1110 1934 1159 medulla
1951 1115 2011 1161 D.
2046 1118 2285 1165 Corticem

496 1179 550 1227 de
567 1197 697 1228 more
725 1183 917 1229 excitant
931 1180 1107 1230 utriculi
1133 1184 1171 1229 E
1195 1181 1367 1244 tenelli,
1393 1187 1441 1231 &
1457 1179 1641 1245 virides,
1664 1179 1793 1230 succo
1805 1183 1981 1250 turgidi,
2006 1188 2216 1235 &versus
2232 1187 2286 1235 li.

496 1272 654 1321 gnum,
665 1254 915 1305 fistularum
938 1255 1189 1324 lignearum
1203 1256 1312 1306 fines
1329 1262 1375 1305 &
1389 1274 1470 1305 ora
1491 1258 1529 1304 F
1549 1255 1940 1306 circumlocantur.
2008 1260 2207 1308 Succedit
2234 1260 2288 1309 li-

492 1345 652 1394 gnum,
680 1333 880 1397 quinque
908 1333 1071 1398 pariter
1088 1331 1404 1399 appendicibus
1423 1330 1768 1399 &protuberans
1786 1348 1797 1376 t
1835 1332 2007 1399 Lignea
2033 1331 2125 1383 haec
2138 1334 2287 1391 moles

493 1400 708 1450 fibrarum
720 1400 935 1451 fasciculis
960 1421 1313 1473 coagmentatur,
1340 1407 1387 1452 in
1417 1403 1579 1473 quibus
1592 1402 1877 1453 trachearum
1897 1407 1960 1454 H
1980 1423 2060 1454 ora
2075 1410 2286 1475 aperiun-

495 1490 593 1543 tur3
628 1495 721 1524 non
737 1480 782 1525 in
797 1481 980 1527 unicum
1010 1478 1258 1547 diriguntur
1283 1495 1505 1540 centrum,
1535 1475 1608 1527 sed
1635 1477 1783 1527 versus
1804 1476 2058 1528 medullam
2085 1481 2289 1533 inclinati

494 1551 617 1600 varie
631 1550 842 1600 fituantur
860 1585 871 1619 3
910 1551 1028 1600 unde
1045 1554 1092 1600 in
1105 1551 1382 1602 surculorum
1397 1551 1715 1600 inchoamentis
1742 1550 1976 1619 probabile
1990 1554 2071 1617 est,
2092 1554 2215 1605 velut
2238 1558 2288 1604 in

492 1621 717 1667 annotinis
730 1619 948 1683 caulibuS,
974 1618 1192 1669 fibrarum
1219 1617 1448 1668 fasciculos
1475 1637 1552 1687 per
1567 1617 1822 1668 medullam
1851 1626 1899 1669 &
1917 1624 2130 1671 corticem
2144 1625 2287 1673 conti-

489 1709 646 1740 nuatos
665 1693 868 1761 dispergi,
890 1700 937 1743 δι
951 1689 1130 1743 confuso
1145 1693 1271 1761 quafi
1282 1693 1363 1741 fitu
1378 1693 1541 1754 locari,-
1575 1708 1758 1760 urgente
1771 1708 1926 1742 tamen
1940 1699 2100 1744 cortice
2116 1703 2166 1746 &
2187 1717 2286 1748 me-

488 1762 607 1813 duna
623 1768 673 1813 in
691 1783 860 1815 zonam
875 1767 1073 1834 ligneam
1088 1765 1426 1833 disponi,debita
1439 1764 1597 1814 senfim
1607 1764 1818 1833 acquifita
1832 1768 1983 1814 versus
1998 1782 2203 1816 centrum
2218 1773 2287 1820 in-

488 1837 744 1888 clinatione.
778 1842 820 1887 A
834 1842 1002 1889 cortice
1014 1843 1127 1890 inter
1143 1839 1312 1907 ligneos
1327 1836 1576 1902 fasciculos,
1586 1837 1890 1888 utriculorum
1904 1839 2147 1908 interpositi
2163 1842 2286 1892 ordi-

486 1931 562 1960 nes
578 1917 602 1961 I
607 1933 859 1978 excurrunt,
873 1922 921 1965 δε
940 1918 986 1962 in
998 1913 1250 1965 medullam
1263 1916 1306 1962 D
1320 1913 1540 1963 laxantur.
1593 1915 1702 1960 Haec
1716 1913 1916 1980 quinque
1930 1916 2099 1981 pariter
2113 1933 2285 1984 appen-

485 1986 655 2035 dicibus
681 1987 868 2050 constat,
899 2004 1093 2055 quarum
1105 1986 1454 2038 meridionalem
1468 1984 1702 2053 respiciens
1719 1987 1948 2053 regionem
1963 1986 2285 2048 Kacuminata

490 2062 660 2109 eminet
677 2092 688 2126 3
724 2060 918 2128 opposits⁵
934 2076 1087 2109 autem
1102 2064 1157 2122 L,
1171 2064 1237 2122 Ns,
1253 2060 1407 2109 versus
1436 2058 1779 2126 septentrionem
1791 2058 1983 2122 dimetas,
1996 2058 2160 2110 obtusae
2185 2063 2285 2112 val-

489 2132 561 2195 de,
576 2133 784 2201 amplum
798 2132 918 2202 quasi
947 2132 1089 2183 finum
1104 2132 1369 2201 efformant3
1405 2131 1631 2182 orientalis
1656 2149 1840 2201 quoque
1867 2133 2087 2201 appendix
2101 2137 2284 2200 N,am-

487 2207 583 2274 pla,
598 2226 688 2257 non
714 2208 916 2258 multum
932 2206 1217 2277 protuberat5
1253 2208 1276 2257 ὲ
1296 2203 1514 2257 converso
1538 2207 1651 2256 vero
1665 2207 1950 2256 occidentalis
1965 2212 2015 2270 0,
2025 2208 2282 2280 oblongiori

489 2287 633 2330 tractu
647 2283 883 2351 producta,
894 2282 1111 2349 angulum
1125 2280 1332 2331 efformat
1351 2300 1361 2329 z
1399 2280 1605 2330 Medulla
1620 2281 1712 2330 haec
1727 2279 1873 2329 taliter
1890 2279 2162 2349 configurata
2180 2304 2280 2334 cor-

490 2354 693 2404 ticalibus
706 2356 905 2405 utriculis
918 2359 1219 2422 componitur.

557 2436 604 2479 In
622 2433 785 2481 eodem
800 2435 966 2501 pariter
983 2429 1157 2479 surculo
1180 2449 1254 2499 33,
1269 2428 1340 2478 sex
1352 2429 1506 2499 elapfis
1523 2428 1748 2478 mensibus
1759 2428 1858 2478 talis
1872 2430 2059 2498 emergit
2084 2432 2277 2482 exterior

487 2503 797 2572 configuratio.
866 2511 1050 2561 Exaratcg
1076 2507 1199 2552 enim
1225 2506 1426 2572 quinque
1456 2502 1722 2572 appendices
1750 2507 1788 2552 A
1811 2506 2028 2566 eminent,
2065 2507 2113 2552 δι
2141 2506 2277 2554 inter-

485 2578 644 2627 mediae
658 2579 816 2629 surculi
831 2596 975 2648 partes
991 2581 1031 2627 [Β
1048 2578 1315 2627 tumidiores
1342 2577 1523 2627 redditae
1539 2575 1696 2625 senfim
1713 2576 1770 2625 ad
1793 2577 2111 2626 rotunditatem
2130 2575 2277 2628 surcu-

481 2653 578 2701 lum
594 2652 828 2703 deducunt.
899 2659 946 2702 In
977 2657 1152 2702 Cortice
1170 2656 1376 2721 geminus
1404 2651 1622 2701 fibrarum
1645 2649 1758 2700 ordo
1773 2653 1804 2699 C
1824 2654 2016 2714 eminet,
2050 2651 2278 2721 reliquum

484 2727 596 2774 vero
621 2728 820 2775 utriculis
836 2732 896 2791 D,
921 2728 1196 2796 epidermide
1212 2729 1445 2789 contentis,
1468 2741 1824 2795 coagmentatur.
1890 2728 2089 2795 Lignum
2112 2731 2275 2795 pariter

485 2800 584 2849 suas.
597 2799 647 2850 ha
657 2800 730 2848 bet
743 2805 1010 2851 eminentias
1023 2808 1062 2851 E
1078 2834 1089 2868 3
1128 2800 1380 2868 hujusmodi
1398 2799 1564 2849 fibrofis
1582 2799 1794 2849 fasciculis
1808 2817 2162 2867 coagmentatur,
2190 2818 2272 2869 qui

483 2877 664 2923 variam
694 2875 1050 2944 magnitudinem
1078 2873 1231 2937 sortiti,
1262 2878 1307 2922 in
1322 2874 1568 2924 medullam
1595 2876 1631 2922 F
1643 2873 1919 2942 inaequaliter
1947 2876 2268 2949 terminantur3

484 2946 705 2999 diversam
718 2949 881 2999 habent
893 2948 1246 3011 inclinationem,
1268 2956 1318 2998 &
1337 2951 1383 2997 in
1395 2948 1494 3017 ipfis
1517 2949 1648 3016 plura
1662 2948 1947 2998 trachearum
1961 2965 2040 2995 ora
2067 2952 2269 3015 aperiun-

486 3036 571 3070 tur.
636 3028 679 3073 A
693 3028 874 3087 cortice,
889 3029 1001 3073 inter
1015 3023 1182 3091 ligneos
1195 3020 1439 3084 fasciculos,
1471 3021 1765 3071 utriculorum
1782 3020 1957 3069 ordines
1969 3038 2206 3069 excurrunt
2223 3025 2268 3069 in

486 3097 755 3160 medullam,
782 3116 879 3166 quae
910 3096 1048 3147 tribus
1073 3097 1216 3146 ditatae
1246 3095 1560 3165 appendicibus
1579 3136 1591 3158 ,
1617 3113 1810 3163 quarum
1835 3093 2031 3162 superior
2047 3098 2086 3142 G
2116 3097 2266 3144 versus

490 3170 725 3219 meridiem
741 3170 1152 3239 dirigitur,amplior
1165 3171 1275 3220 vero
1288 3175 1350 3223 H
1354 3169 1682 3219 occidentalem
1696 3168 1869 3236 respicit
1883 3185 2023 3215 oram.

555 3244 696 3291 Paulo
710 3242 889 3292 inferius
906 3243 1016 3293 faita
1036 3242 1244 3292 incifione
1257 3247 1304 3292 in
1317 3262 1441 3311 parte
1454 3238 1650 3310 ejusdem
1672 3246 1790 3292 rami
1809 3260 1882 3309 34,
1899 3241 2028 3287 aetatis
2043 3238 2263 3289 menfium

489 3313 648 3362 decem
667 3324 712 3365 ὃς
729 3321 832 3366 οᾶο
849 3359 862 3381 ,
899 3317 1176 3385 segmentum
1190 3316 1367 3365 habebis
1380 3358 1392 3379 ,
1416 3322 1535 3383 cujus
1551 3318 1741 3363 exterior
1757 3311 1998 3382 superficies
2013 3308 2102 3361 fere
2115 3329 2262 3360 rotun,

491 3389 548 3437 da
565 3388 625 3437 est
642 3389 883 3440 obliteratis
913 3390 1080 3459 angulis
1102 3410 1112 3438 ε
1150 3396 1321 3441 Cortex
1347 3407 1534 3459 quatuor
1555 3388 1768 3438 fibrarum
1782 3385 1967 3436 seriebus
1983 3391 2020 3436 A
2039 3388 2261 3452 irrigatur,

488 3481 586 3530 quae
597 3463 890 3515 utriculorum
912 3464 1139 3514 ordinibus
1153 3466 1192 3512 [B
1207 3464 1477 3514 ambiuntur.
1545 3468 1767 3512 Contenta
1782 3462 1927 3530 lignea
1951 3462 2101 3526 portio
2115 3462 2257 3524 gemi-

492 3540 554 3585 nis
570 3536 782 3586 fibrarum
796 3537 1035 3588 involucris
1062 3554 1414 3607 coagmentatur,
1432 3539 1564 3604 priori
1582 3540 1702 3584 enim
1733 3535 1961 3601 superioris
1976 3533 2083 3581 anni
2109 3529 2259 3598 ligneo

2127 3622 2257 3655 invo-
