2638 3926
871 177 970 242 De
998 181 1253 240 Seminum
1284 179 1339 236 V
1335 187 1615 262 egetatione.
2143 212 2163 247 1
2187 211 2208 248 1

262 337 502 380 extremo
524 319 668 400 apice
690 312 955 388 virescenS,
992 318 1044 374 8(
1062 310 1293 373 laterales
1315 309 1510 370 radices
1535 311 1566 368 a
1589 312 1908 373 custodiente
1932 318 2075 398 vagi-

263 427 331 464 na
352 405 392 462 S
413 419 725 462 exeruntur:
771 399 881 460 haec
904 398 1158 471 candidis,
1200 402 1253 458 8(
1287 393 1608 455 craffioribus
1634 399 1861 455 excitata
1884 402 2076 460 utricu-

261 489 337 561 lis,
377 484 542 546 veluti
565 502 770 558 cortex,
814 508 935 546 cum
956 484 1205 544 exteriori
1229 479 1592 562 ambienteque
1614 478 1910 555 substantia,
1950 505 2078 542 con-

264 575 511 632 tinuatur.
598 568 698 629 Pili
716 567 919 651 copiosi
943 565 1170 649 pendent
1195 564 1226 623 a
1252 582 1378 625 toto
1396 563 1630 625 radicum
1653 569 1839 640 tradiu,
1892 585 2079 649 praeter

264 657 496 738 apicem:
537 660 590 715 8(
621 657 711 736 qui
740 655 875 712 circa
912 648 1072 710 basim
1107 648 1393 726 luxuriant,
1436 652 1759 732 proceriores
1798 649 1930 723 sunt,
1976 651 2081 713 sen-

265 742 465 821 simque
486 742 712 801 minores
737 738 883 794 fiunt.
967 732 1287 806 Huiusmodi
1309 734 1420 817 pili,
1459 753 1520 795 ut
1546 734 1760 795 inferius
1783 733 2081 810 habebitur,

266 824 405 885 reda
426 823 766 883 utriculorum
798 816 919 879 serie
945 819 1274 881 conflantur:
1319 820 1375 880 hi
1402 820 1539 881 circa
1573 818 1750 881 salinas
1783 819 2082 903 particulaS,

263 915 317 970 8(
338 926 535 966 terrena
572 901 784 964 frustula
808 920 1253 988 contorquentur3
1292 910 1346 966 8(
1378 904 1503 988 ipsa,
1553 905 1753 966 hederae
1775 904 1948 977 instar,
1973 928 2083 965 am-

266 993 432 1066 biunt,
476 987 613 1049 unde
638 985 790 1069 crispi
803 986 1103 1051 redduntur.
1188 989 1490 1051 Placentula
1510 985 1568 1050 T
1582 989 1756 1051 sensim
1781 989 2008 1064 tabescit,
2030 995 2083 1050 8(

265 1076 414 1157 supra
439 1071 667 1134 laterales
689 1072 885 1133 radices
912 1073 950 1132 S
974 1077 1219 1148 minimae,
1264 1076 1582 1156 geminaeque
1603 1075 1799 1134 radices
1834 1073 1893 1131 V
1917 1097 2086 1134 erum-

266 1175 415 1243 punt.
500 1157 684 1219 Caulis
710 1157 775 1216 X
793 1157 1158 1233 subrotundus,
1197 1158 1395 1217 audiior
1429 1155 1610 1232 facim,
1650 1157 2085 1241 perpendiculari-

268 1262 345 1305 ter
366 1240 557 1302 sursum
575 1245 803 1326 erigitur.

350 1324 610 1387 Elabente
638 1326 836 1403 tridu0,
873 1326 1035 1389 caulis
1057 1326 1113 1386 Y
1146 1323 1338 1387 sursum
1363 1323 1598 1399 diretfitus,
1633 1347 1753 1386 cum
1774 1324 1975 1406 jacente
1991 1326 2087 1387 ho-

268 1409 594 1472 rizontaliter
619 1410 840 1473 lemineo
862 1410 993 1474 folio
1020 1408 1109 1487 Z,
1147 1409 1394 1493 angulum
1415 1409 1558 1493 quasi
1587 1412 1784 1469 redium
1815 1410 2087 1473 efformat:

270 1493 508 1579 gracilior
553 1494 643 1569 est,
679 1499 732 1555 8(
767 1493 1081 1577 oblongior;
1138 1500 1191 1555 8(
1231 1497 1458 1554 exterius
1491 1492 1713 1573 ejusdem
1753 1493 2091 1556 involucrum

272 1577 571 1652 candidum,
613 1583 666 1636 8(
687 1577 1037 1660 diaphanum3
1080 1576 1340 1661 gracilem,
1386 1583 1440 1639 &
1475 1577 1806 1640 virescentem
1828 1600 2091 1662 gemmam

271 1661 514 1723 custodit.
559 1658 838 1720 Postremae
863 1662 1056 1721 radices
1076 1680 1107 1718 a
1127 1661 1296 1742 magis
1317 1661 1573 1734 eminent,
1601 1661 1807 1744 reliquae
1832 1664 1964 1721 vero
1987 1681 2090 1722 tres

271 1747 543 1821 auffiores,
579 1743 815 1827 lanugine
844 1742 1357 1819 circumambiuntur,
1397 1765 1516 1828 quae
1537 1761 1686 1805 terrae
1712 1743 1926 1806 frustula
1953 1746 2092 1806 artie

272 1829 601 1914 amplexatur
617 1853 630 1888 :
657 1827 785 1904 haec,
798 1828 892 1890 ubi
909 1828 1168 1912 praecipue
1183 1849 1410 1890 vacuum
1426 1832 1667 1905 occurrit,
1691 1829 1827 1891 adeo
1841 1829 2094 1904 luxuriat,

273 1932 333 1974 ut
357 1912 451 1997 pili
474 1936 543 1975 ex
569 1930 754 1976 mutua
785 1911 1099 1975 anastomofi
1126 1929 1233 1974 rete
1255 1911 1489 1975 efficiant.
1577 1913 1987 1995 Conglobatum
2007 1912 2090 1973 fo-

272 1997 418 2074 lium,
462 1996 545 2060 ieu
567 1997 764 2060 leminis
791 2021 916 2061 caro
939 1996 1010 2059 Z
1045 1996 1255 2059 mollius
1275 1998 1367 2071 est,
1410 2002 1463 2059 8(
1495 1995 1638 2080 quasi
1664 1996 1884 2056 lacteum
1896 2020 1913 2068 3
1958 1995 2096 2057 unde

275 2104 400 2143 com
439 2083 624 2145 reffum
667 2082 920 2167 ptisanam
954 2082 1233 2145 candidam
1246 2133 1265 2159 ,
1313 2088 1367 2144 &
1421 2079 1720 2143 subdulcem
1763 2080 1949 2141 reddit.
2033 2079 2097 2142 In

276 2166 401 2227 avul
422 2189 453 2226 a
495 2166 726 2250 plantula
748 2185 975 2230 exaratae
994 2166 1211 2242 radices,
1253 2172 1308 2228 8(
1326 2166 1483 2228 caulis
1499 2184 1707 2247 patent:
1757 2163 2096 2226 intermedius

280 2270 493 2332 quoque
516 2250 817 2313 umbilicalis
839 2251 1009 2313 nodus
1034 2251 1067 2310 b
1089 2253 1332 2323 occurrit,
1368 2248 1519 2327 cujus
1546 2250 1794 2323 exterior,
1838 2254 1892 2310 8(
1930 2247 2097 2309 ambi-

282 2355 369 2394 ens
393 2334 595 2414 portio,
633 2331 777 2413 quafi
808 2350 999 2392 cortex
1030 2331 1245 2390 solidior
1255 2330 1354 2404 est3
1380 2334 1593 2392 interior
1621 2334 1769 2407 vero,
1805 2332 1967 2393 veluti
1992 2351 2098 2392 me-

283 2414 424 2478 dulla
441 2413 654 2475 mollior
670 2414 858 2476 existit.
940 2411 1233 2498 Completzi
1250 2414 1437 2497 quarta
1463 2414 1566 2490 die,
1608 2414 1809 2475 culmus
1831 2416 2098 2499 fiiperiora

286 2499 467 2562 versus
490 2498 724 2574 diredius,
761 2497 942 2561 laxato
961 2500 1223 2575 exteriori,
1237 2497 1318 2559 seu
1339 2499 1562 2584 vaginali
1582 2497 1717 2560 folio
1736 2520 1783 2576 c,
1824 2498 2000 2562 stabile
2021 2499 2099 2560 fo-

288 2584 415 2646 lium
436 2582 472 2642 d
495 2583 683 2659 viride,
720 2589 774 2645 8(
807 2582 1166 2645 convolutum
1189 2587 1242 2644 in
1262 2582 1431 2644 lucem
1464 2586 1646 2645 exerit.
1732 2582 1957 2645 Inferius
1993 2584 2102 2666 jam

289 2667 557 2751 descriptae
582 2668 774 2730 radices
801 2687 1043 2730 emanant
1058 2720 1076 2745 ,
1125 2671 1181 2730 in
1211 2666 1417 2754 longius
1458 2667 1756 2752 produdlae3
1815 2675 1869 2731 8(
1909 2681 2103 2744 novus,

291 2752 610 2836 quandoque
642 2755 889 2835 geminuS,
931 2751 1118 2814 futurae
1157 2751 1343 2814 radicis
1375 2772 1557 2814 tumor
1594 2775 1621 2812 e
1658 2770 1893 2836 apparet.
1979 2752 2042 2815 A
2083 2789 2105 2801 -

293 2836 502 2921 pensum
542 2860 749 2921 quoque
782 2835 1016 2899 seminale
1042 2836 1228 2899 folium
1247 2839 1299 2921 f
1316 2840 1588 2899 extenuari
1617 2840 1815 2922 incipit,
1855 2836 2001 2920 cujus
2048 2859 2104 2896 u-

295 2921 478 3004 perstes
510 2919 684 2984 succus
721 2922 908 2985 ladieus
944 2922 1035 2998 est,
1080 2921 1321 2984 nondum
1358 2941 1657 3007 corruptus,
1742 2920 1895 2983 Sedio
1929 2919 2106 2994 caule5

298 3004 469 3065 tenelli
502 3007 657 3067 culmi
686 3030 725 3090 g
760 3023 976 3068 exortus
1003 3007 1036 3066 a
1063 3007 1215 3069 nodo
1242 3024 1390 3092 patet
1403 3059 1420 3083 ‚
1464 3008 1498 3067 a
1529 3030 1642 3091 quo
1682 3005 1875 3067 radices
1914 3007 2108 3087 pariter

300 3091 610 3173 principium
644 3094 886 3174 capiunt3
946 3091 1175 3153 exterius
1201 3114 1418 3177 quoque
1453 3091 1688 3177 vaginale
1723 3088 2054 3151 involucrum
2080 3111 2108 3148 c

301 3171 622 3249 observatur,
654 3199 764 3259 quo
782 3175 999 3250 culmus,
1027 3174 1232 3260 ejusque
1257 3176 1400 3253 folia,
1438 3183 1492 3238 8(
1510 3175 1741 3237 radicum
1769 3192 1984 3240 exortus
2001 3196 2109 3235 am-

304 3257 531 3320 biuntur.

387 3340 549 3404 Circa
570 3340 762 3405 sextam
786 3344 942 3420 diem,
978 3343 1228 3428 plantula,
1266 3343 1453 3404 laxato·
1469 3340 1636 3405 stabili
1672 3342 1806 3405 folio
1831 3343 1883 3420 h,
1917 3341 2112 3404 attolli,-

308 3442 412 3500 tur,
449 3428 670 3490 haerente
683 3427 854 3491 adhuc
868 3429 1101 3493 corticali
1122 3426 1397 3492 involucro
1417 3431 1438 3486 i
1460 3428 1639 3492 crasso,
1720 3427 1976 3491 Seminale
1998 3425 2113 3487 foli-

309 3531 400 3569 um
424 3508 692 3592 lzexterius
722 3511 982 3576 sinuosum
1002 3516 1092 3594 est,
1131 3521 1186 3577 &
1209 3511 1474 3574 tabidum:
1515 3513 1619 3574 hoc
1639 3512 1791 3590 ίὲᾶο,
1811 3518 1866 3574 8(
1886 3512 1918 3571 a
1945 3510 2113 3571 secun-

310 3592 445 3655 dinis
460 3594 747 3676 denudat0,
787 3623 930 3676 carc,
969 3598 1052 3663 ieu
1073 3600 1414 3686 pericarpium
1433 3620 1542 3660 non
1559 3599 1746 3662 eodem
1768 3595 1938 3659 modo
1962 3592 2116 3738 sebha-

2035 3696 2117 3750 et3
