2638 3926
0 524 11 893 ummwv-w-n-Wnffir
0 508 4 513 μ
0 474 4 498 ..„
0 450 6 462 ,ἡ
2 436 5 438 4

0 1226 14 1309 {J

0 1310 16 1515 {1

901 196 999 260 De
1028 201 1068 260 S
1070 206 1281 259 eminum
1313 200 1370 257 V
1363 210 1643 282 egetatione.
2171 230 2238 293 15

290 336 459 396 ciebat
481 333 687 406 colore3
727 335 941 393 auctiori
972 331 1180 394 reddito
1206 328 1449 391 seminum
1473 353 1601 392 ovo.
1671 333 1874 393 Vinum
1902 354 2103 418 turgeu--

290 424 417 481 tiam
455 417 737 493 excitabat,
776 422 830 478 &
856 415 1223 479 Phaseolorum
1265 415 1448 476 semina
1473 415 1783 477 macerabat.
1869 418 2104 481 Acetum

290 508 481 588 pariter
506 502 751 562 seminum
788 500 979 563 molem
1015 500 1240 582 impense
1274 499 1598 582 adaugebat,-
1638 505 1844 561 cinereo
1872 507 2104 565 excitato

291 587 483 648 colore.
570 584 632 647 ln
667 586 853 648 lixivio
882 585 1068 644 semina
1090 583 1328 642 duritiem
1359 582 1715 666 acquirebant,
1757 585 2009 669 colorque
2030 594 2106 648 vi-

287 672 413 733 ridis
436 669 762 732 efficiebatur.
848 667 1102 731 Humana
1138 671 1301 744 urina,
1347 688 1630 753 corrugato
1665 673 1860 731 cortice
1895 670 2108 733 indutio

289 762 485 833 virore,
507 754 823 835 adaucStaque
878 774 1026 811 arum
1042 750 1199 827 mole,
1221 752 1461 813 tenellum
1479 754 1731 816 reddebat
1753 754 1935 815 lemen.
1990 755 2104 839 Spi-

287 846 392 903 ritu
415 841 628 902 tandem
659 841 784 911 vini,
827 777 1036 898 liibatro
1072 856 1361 919 emergente
1398 839 1598 914 colore,
1641 839 1834 923 parum
1863 844 2106 900 immuta-

289 925 476 986 bantur
498 921 745 981 seminum
780 943 1021 1004 corpora.
1104 919 1241 982 Haec
1274 927 1460 985 interea
1495 923 1681 986 semina
1708 944 1859 986 terrae
1891 943 2107 984 concre—

288 1011 403 1071 dita
430 1006 588 1079 fuere,
629 1023 689 1064 ut
711 1002 1006 1067 fiiccedente
1031 1005 1214 1066 debito
1245 1012 1432 1069 terreni
1459 1013 1592 1070 uteri
1617 1009 1866 1071 incubatu
1890 1028 2107 1092 pateret,

288 1112 524 1176 quaenam
560 1089 707 1173 prius
738 1095 794 1152 ὃ(
833 1113 948 1174 quae
993 1091 1248 1175 posterius
1287 1112 1596 1174 vegetarent.
1690 1095 1898 1155 Semina
1940 1096 2111 1176 itaque

287 1195 545 1237 macerata
581 1174 786 1250 lixivio,
827 1181 882 1237 8<
916 1174 1070 1251 calce,
1111 1175 1357 1234 transacta
1374 1177 1559 1258 quarta
1579 1177 1681 1252 die,
1721 1177 2004 1260 plantulam
2034 1177 2109 1238 su-

287 1284 388 1344 pra
425 1277 617 1319 terram
645 1279 987 1344 emergentem
1022 1260 1223 1320 dedere.
1310 1257 1454 1332 Qae
1490 1259 1713 1344 fiiligine,
1755 1266 1810 1321 ὅ(
1836 1266 2108 1321 antimonii

288 1347 608 1413 astivitatem
630 1345 767 1428 passa
798 1362 962 1416 erant,
1005 1343 1125 1428 post
1147 1347 1392 1404 offitavam
1415 1344 1554 1404 diem
1581 1346 1806 1428 erupere.
1893 1343 2036 1417 Qae
2058 1350 2110 1404 in

290 1447 494 1489 tartaro
523 1448 784 1490 macerata
820 1446 979 1504 erant,
1020 1428 1294 1489 undecima
1324 1427 1410 1489 die
1438 1428 1739 1511 vegetarunt
1753 1454 1768 1502 3
1810 1435 1862 1490 ὃ(
1886 1429 2112 1513 sequenti

290 1513 396 1588 die,
437 1534 555 1595 quae
574 1515 627 1571 in
647 1535 814 1572 cornu
835 1514 972 1572 cervi
992 1511 1147 1572 infuss
1171 1531 1327 1572 erant.
1385 1510 1526 1584 Qae
1548 1516 1676 1574 vino
1700 1514 1994 1596 turgebant,
2035 1513 2111 1572 us-

291 1621 396 1680 que
430 1596 501 1656 ad
524 1594 821 1677 vigesimam
856 1614 1095 1678 quartam
1120 1596 1258 1656 diem
1283 1596 1543 1677 protracta
1565 1601 1957 1680 germinatione,
1997 1595 2107 1680 pul·

292 1680 548 1749 lularunt3
591 1683 643 1738 ὅ(
669 1679 880 1738 tandem
902 1678 1082 1737 semina
1098 1684 1239 1737 nitro
1254 1677 1426 1737 soluto
1443 1680 1674 1755 madida,
1715 1681 1958 1764 vigesima
1972 1684 2111 1740 oeta-

292 1762 363 1823 vzi
386 1763 470 1823 die
490 1760 772 1844 plantulam
798 1760 1199 1822 manifestarunt.

378 1846 653 1919 Qoniam
670 1865 844 1907 tamen
869 1844 1179 1907 seminalium
1199 1846 1550 1930 plantularum
1572 1851 1717 1909 varia
1738 1848 1810 1910 est
1831 1850 2114 1931 vegetatiO',

292 1955 387 1993 nec
421 1932 678 2015 perpetuo
710 1930 900 1991 eodem
927 1947 1164 2013 tempore
1186 1931 1408 1993 succedit
1435 1929 1585 2014 (licet
1607 1932 1746 1993 idem
1783 1950 1958 1992 uterus
1986 1955 2113 1992 con-

294 2015 454 2078 simile
475 2037 644 2076 ovum
658 2013 869 2098 foveat)
883 2014 1007 2075 ideo
1022 2015 1216 2100 placuit
1234 2015 1370 2077 Maii
1385 2015 1553 2075 mense
1569 2015 1749 2075 eadem
1765 2013 1963 2086 semina,
2005 2014 2114 2075 abs-

332 2125 396 2162 ue
424 2104 625 2186 praevia
656 2118 829 2161 tamen
863 2104 1225 2176 maceratione,
1265 2102 1318 2160 in
1351 2101 1571 2161 exaratis
1605 2098 1870 2161 rroenstruis
1906 2102 1959 2159 in
1983 2116 2116 2160 terra

293 2125 480 2246 serere:
521 2189 574 2246 in
592 2183 741 2264 cujus
759 2181 1006 2267 superiori
1027 2202 1176 2268 parte
1189 2182 1390 2246 diversa
1409 2183 1684 2256 mineralia,
1727 2188 1779 2243 &
1795 2180 1974 2243 fossilia
1987 2206 2112 2243 con-

297 2268 443 2339 didi3
483 2286 545 2326 ut
567 2266 899 2348 pertransiens
931 2289 1069 2349 aqua
1105 2270 1350 2326 tinauras
1371 2284 1592 2348 raperet,
1632 2271 1686 2326 ὅ(
1710 2269 1974 2327 contentis
1997 2270 2117 2328 ovis

299 2353 724 2421 communicaret,
766 2353 820 2406 &
841 2349 918 2406 ita
943 2349 1088 2407 varie
1113 2353 1495 2431 vegetationem
1515 2353 1776 2410 excitaret.
1865 2347 2008 2421 Qae
2023 2355 2116 2434 igi-

301 2454 390 2495 tur
424 2436 478 2493 in
511 2433 808 2491 antimonio
843 2428 1113 2506 fovebam,
1154 2430 1276 2515 post
1309 2450 1550 2515 quartam
1577 2433 1713 2493 diem
1736 2434 2117 2517 germinarunt:

300 2541 418 2602 quae
441 2518 642 2577 veroin
664 2513 900 2591 vitri010,
941 2513 1165 2598 fiiligine,
1205 2515 1390 2577 lixivio
1411 2521 1697 2594 communi,
1738 2524 1791 2579 8(
1818 2540 1985 2579 cornu
2007 2542 2116 2579 cer—

304 2607 434 2662 vino
466 2599 698 2683 plantata
717 2618 880 2675 erant,
924 2598 1066 2660 sexta
1082 2601 1166 2661 die
1181 2600 1504 2662 emerserunt.
1590 2600 1846 2664 Incubata
1863 2601 2118 2686 sulphure,

302 2694 358 2749 ὃ(
382 2688 542 2757 vino;
584 2681 798 2767 septima
816 2683 901 2745 die
921 2683 1248 2768 pullularunt.
1339 2683 1488 2749 Idem
1511 2687 1697 2748 accidit
1717 2687 1965 2749 transacta
1981 2691 2118 2749 odia-

307 2770 379 2831 va
390 2820 407 2846 ,
447 2768 714 2830 seminibus
759 2774 810 2831 in
845 2787 1050 2830 tartaro
1064 2819 1081 2844 ‚
1121 2774 1177 2830 ὃ(
1204 2768 1340 2830 calce
1372 2770 1500 2830 viva
1529 2771 1777 2832 conditis:
1819 2777 1871 2833 &
1908 2772 2120 2833 tandem

309 2854 428 2938 post
450 2853 772 2915 undecimam
793 2853 931 2914 diem
954 2854 1262 2937 vegetarunt
1284 2874 1453 2930 aceto,
1496 2859 1549 2915 ὅ(
1572 2859 1710 2917 nitro
1730 2855 2065 2918 circumdata.

398 3020 597 3084 Placuit
614 3023 830 3085 ulterius
849 3027 983 3084 circa
1003 3024 1330 3085 medietatem
1352 3022 1602 3108 Augusti,
1627 3025 1906 3106 Raparum,
1931 3021 2121 3083 Latiu-

315 3129 397 3181 σε,
441 3105 702 3185 Endiviae,
743 3115 797 3169 &
833 3105 1076 3189 Raphani
1098 3108 1282 3170 semina
1301 3114 1355 3170 in
1392 3107 1601 3170 diverfis
1625 3106 1836 3168 vasculis
1895 3105 2121 3181 lantare3

315 3189 594 3252 irrorando
615 3190 828 3275 singulo,
867 3191 951 3253 vel
976 3191 1150 3253 ssltem
1184 3193 1347 3254 altero
1373 3193 1457 3253 die
1490 3189 1698 3252 diverfis
1720 3130 2020 3265 mensim&
2061 3210 2123 3252 ut

316 3277 657 3357 vegetationis
701 3278 1015 3361 progressum
1058 3274 1403 3338 observarem.
1487 3276 1668 3336 Primo
1714 3278 1872 3360 igitur
1918 3276 2122 3352 semina,

318 3382 433 3440 quae
459 3361 620 3419 urinae
655 3360 889 3422 humanae
917 3359 1198 3444 asperfione
1224 3361 1606 3436 irrorabantur,
1650 3384 1762 3421 non
1795 3360 2121 3445 vegetabant.

319 3441 466 3503 ldem
489 3449 675 3526 pariter
701 3446 965 3507 accidebat
992 3450 1049 3506 iis
1070 3469 1186 3530 quae
1207 3444 1377 3505 soluto
1402 3442 1499 3506 sale
1521 3450 1807 3522 communi,
1856 3453 1910 3508 &
1935 3444 2123 3505 lixivio

321 3526 680 3590 madefiebant.
769 3529 830 3590 ln
872 3528 984 3590 vase
1006 3534 1228 3592 irrorato
1253 3529 1446 3591 vitrioli
1468 3530 1620 3614 aqua,
1660 3529 1797 3590 nulla
1819 3529 2004 3592 flemina
2033 3548 2125 3586 ve-

323 3610 599 3694 getabant3
640 3633 827 3697 praeter
851 3612 1010 3675 Fabae
1041 3615 1202 3678 semen
1233 3613 1454 3677 fortuito
1476 3613 1769 3691 conditum,
1811 3613 1954 3694 cujus
1979 3609 2125 3753 plarl1⁴

2018 3714 2077 3754 tu
2095 3718 2128 3755 a
