2638 3926
1079 185 1176 264 §De
1213 204 1393 266 Galla.
1733 164 1737 168 ·
2169 234 2248 295 49

307 339 437 401 finit.
519 337 732 398 Natura
758 354 949 413 tamen,
990 337 1109 396 licet
1140 337 1386 398 morbosa
1415 338 1514 398 hac
1546 340 1812 422 turgentia,
1855 339 1993 422 quali
2023 341 2113 401 ab·

309 444 458 499 erret,
500 422 572 482 sui
623 422 735 480 finis
777 442 886 482 non
932 420 1284 495 obliviscitum
1331 421 1432 497 fied,
1471 439 1530 481 ut
1568 425 1813 498 vidimuS,
1853 425 2110 486 interdum

309 507 504 582 GallaS,
536 502 857 589 reliquosque
879 505 1155 568 morbosos
1190 525 1418 566 tumores
1452 505 1540 565 sub
1577 505 1820 567 foliorum
1857 506 2015 590 specie
2043 510 2111 567 ef—

307 591 501 653 format
527 615 539 651 :
588 589 928 673 Qandoque
949 587 1090 671 quasi
1114 592 1451 649 minimorum
1475 587 1790 650 lurculorum
1815 593 2111 675 congeriem

307 700 375 738 ex
394 675 642 739 laciniatis
665 675 1004 736 utriculorum
1021 671 1416 734 transversstlium
1431 671 1643 735 seriebus
1662 672 1870 758 effingit,
1914 683 1965 735 &
1985 699 2111 758 qua-

308 762 345 821 fi
368 760 676 822 luxuriantis
702 758 1041 838 vegetationis
1066 775 1354 841 turgentem
1376 762 1628 842 impetum
1654 763 1835 842 arguit.

390 843 686 906 Succedunt
725 861 914 915 autem,
956 845 1007 901 8(
1035 846 1324 905 excitantur
1350 843 1544 905 facilius
1573 842 1737 904 Gallae
1777 848 1828 905 in
1864 850 2110 928 quercino

307 951 498 1013 genere,
539 950 598 988 ac
640 929 691 986 in
733 925 930 1008 reliquis
979 925 1196 1008 plantis:
1240 928 1433 992 vitrioli
1476 933 1610 990 enim
1647 933 1846 1012 portio,
1906 954 2019 1013 quae
2056 935 2108 991 in

307 1013 621 1086 Qercubus
650 1009 898 1086 luxuriat,
945 1010 1109 1072 infuso
1153 1013 1361 1075 terebrae
1403 1013 1595 1087 ichore,
1638 1019 1947 1097 turgentiam
1984 1039 2109 1076 con-

305 1102 451 1181 cipit,
492 1102 544 1157 &
568 1114 805 1156 motum:
854 1094 1009 1170 unde,
1050 1098 1280 1157 erofione
1319 1097 1467 1172 faita,
1510 1097 1757 1179 reliquum
1777 1098 2003 1161 alimenti
2042 1099 2108 1159 se-

306 1206 425 1242 cum
448 1186 618 1264 rapit3
661 1186 712 1241 8(
741 1181 814 1240 ita
841 1180 909 1240 ad
921 1179 1079 1240 latera
1106 1185 1258 1239 etiam
1291 1179 1587 1254 defluendo,
1626 1187 1680 1239 8(
1719 1184 2107 1259 concrescendO,

306 1265 579 1326 morbosos
601 1284 827 1325 tumores
865 1267 1075 1323 excitat.
1161 1262 1316 1336 Quid
1337 1262 1490 1324 simile
1512 1266 1566 1325 in
1602 1262 1753 1324 nobis
1799 1269 2106 1349 experimur,

307 1350 396 1410 ubi
412 1373 479 1410 ex
500 1349 656 1410 acidis
693 1348 1015 1422 humoribUS,
1058 1347 1185 1407 salsis
1213 1351 1533 1420 commixtis,
1575 1371 1686 1408 non
1709 1350 1919 1409 tanturn
1958 1354 2106 1411 inter-

306 1456 433 1494 num
456 1437 736 1494 excitatum
777 1435 1007 1514 patimur
1035 1431 1334 1504 fervorem,
1374 1430 1457 1492 sed
1480 1431 1692 1492 lacerata
1722 1439 1945 1516 partium
1984 1458 2108 1495 con-

309 1522 580 1578 tinentium
603 1538 871 1599 compage,
911 1518 1063 1575 novis
1085 1516 1378 1577 laboramus
1403 1516 1712 1591 tumoribus,
1753 1521 1839 1600 qui
1861 1518 1997 1578 nulla
2018 1542 2105 1578 co-

310 1605 455 1662 erciti
481 1601 660 1682 figura,
703 1603 756 1659 in
786 1597 1052 1660 morbosas
1066 1599 1424 1661 excrescentias
1457 1599 1730 1660 luxuriant.
1815 1600 2106 1662 Exaratam

309 1687 624 1767 turgentiam
642 1706 749 1742 non
772 1682 965 1765 parum
979 1683 1130 1762 juvat
1155 1683 1357 1759 halitu3,
1398 1687 1489 1765 qui
1511 1706 1581 1743 ex
1597 1684 1845 1767 depositis
1865 1689 2107 1746 ovisnon

306 1771 426 1831 raro
451 1766 586 1828 efflat
611 1792 623 1827 :
665 1765 910 1838 Qiercus
932 1790 1152 1850 namque
1174 1766 1297 1828 folia
1337 1790 1447 1827 non
1468 1766 1525 1826 ea
1552 1768 1765 1827 tantum
1788 1787 1951 1851 parte,
1993 1792 2108 1852 quae

308 1851 570 1934 subjicitur
591 1875 705 1913 ovo
752 1851 837 1911 vel
886 1850 1189 1927 vermicu10,
1229 1850 1412 1911 amiss'o
1443 1854 1667 1934 proprio
1704 1855 1893 1929 virore,
1935 1852 2108 1913 senfim

308 1935 581 2013 albescunt,
621 1942 672 2000 &
695 1933 984 2019 frequenter
1019 1934 1259 1996 convulsa
1290 1934 1694 2019 distorquentur,
1734 1935 1816 1996 sed
1853 1954 1995 1996 tanta
2029 1939 2109 1999 vis

307 2021 379 2082 est
400 2028 454 2083 8(
489 2043 828 2104 empyreuma
858 2018 1136 2088 exhalan33
1178 2038 1238 2080 ut
1274 2043 1383 2080 non
1412 2018 1578 2079 solum
1601 2022 1925 2101 proximum,
1967 2020 2110 2080 Vitis

309 2106 563 2190 praecipue
585 2104 791 2180 folium,
811 2101 1132 2180 convulsum,
1171 2103 1514 2187 rabidumque
1539 2103 1800 2180 reddatur,
1840 2103 1923 2164 sed
1941 2110 1990 2164 8(
2007 2103 2109 2164 sur-

311 2191 470 2264 culuS,
510 2192 594 2250 cui
619 2187 952 2273 appenditur,
985 2205 1131 2247 totus
1150 2186 1471 2247 contabescat
1493 2194 1545 2247 &
1564 2186 1895 2247 convellatur.
1981 2188 2109 2248 Hoc

313 2291 485 2333 tamen
507 2295 615 2332 non
652 2274 725 2331 ita
754 2290 1058 2353 perpetuum
1080 2271 1148 2329 est
1176 2276 1228 2330 in
1254 2269 1488 2344 Natura,
1532 2287 1589 2329 ut
1616 2293 1722 2330 non
1752 2275 1869 2331 raro
1893 2295 2000 2332 ova
2038 2274 2108 2334 ab

314 2355 506 2418 inseetis
529 2353 764 2415 conclusa
793 2352 987 2412 nullum
1011 2352 1081 2411 sui
1115 2354 1385 2436 vestigium
1432 2357 1643 2436 exigant
1669 2354 2004 2416 subcrescente
2027 2377 2107 2417 tu-

313 2463 481 2515 more,
525 2437 608 2497 vel
644 2440 868 2521 partium
915 2435 1182 2518 atrophia:
1224 2439 1432 2497 memini
1445 2442 1579 2497 enim
1598 2441 1650 2497 in
1681 2438 1874 2522 Populi
1909 2440 2107 2502 surculo

315 2524 429 2584 casu
471 2522 685 2583 diffrae'ti
736 2521 1023 2603 oblongum
1069 2523 1312 2604 reperiiss'e
1364 2522 1637 2584 conditum
1674 2544 1842 2584 ovum
1893 2525 2109 2586 candida

319 2606 445 2666 testa
472 2606 860 2666 circumdatum.
943 2605 1073 2666 Hoc
1092 2605 1481 2668 horizontaliter
1494 2606 1782 2682 Iocabatur,
1797 2614 1848 2668 &
1872 2614 2108 2669 extremi-

316 2710 423 2752 tate
441 2694 572 2751 inter
595 2688 779 2772 ligneas
803 2690 956 2750 fibras
982 2688 1383 2767 custodiebatur,
1423 2692 1585 2752 altero
1604 2712 1774 2752 autern
1799 2693 1896 2753 fine
1919 2693 2112 2776 parum

318 2774 576 2836 exficcato
603 2794 892 2835 extremum
931 2778 1135 2836 corticis
1157 2776 1524 2860 contangebat.
1610 2775 1736 2836 Alia
1772 2775 1969 2860 insuper
2003 2801 2111 2839 ova

319 2858 653 2942 probabiliter
691 2859 988 2920 conduntur
1029 2864 1163 2919 intra
1205 2866 1371 2919 varias
1417 2859 1710 2944 plantarum
1797 2882 1942 2937 arteS,
1996 2885 2110 2942 quae

318 2943 514 3003 nullum
535 2943 606 3004 sui
627 2942 996 3005 documentum
1043 2943 1308 3019 exhibent,
1348 2945 1472 3005 cum
1498 2947 1692 3029 integra
1712 2884 1999 3028 psantarum
2037 2949 2111 3005 vi—

319 3047 374 3088 ta
404 3026 573 3088 adhuc
599 3048 1006 3090 manuteneatur.
1090 3026 1235 3088 Tam
1271 3033 1444 3090 varius
1487 3028 1557 3089 est
1593 3030 1818 3091 Naturae
1853 3030 2028 3110 genius
2055 3035 2108 3092 &

321 3110 620 3171 insectorum
667 3117 940 3197 exigentia,
979 3129 1039 3172 ut
1083 3111 1212 3172 ficut
1249 3112 1416 3195 plures
1453 3113 1610 3174 foetus
1634 3120 1684 3173 8(
1709 3134 1817 3172 ova
1857 3130 2111 3174 extraneo

322 3214 487 3279 egent,
528 3217 636 3255 non
657 3195 822 3258 solum
840 3201 1192 3280 vegetantium
1215 3197 1480 3274 incubatu,
1522 3197 1604 3257 sed
1617 3195 1944 3257 transudante
1968 3199 2111 3259 icho—

323 3304 393 3355 re,
433 3282 820 3363 quiaufflonern
841 3288 894 3342 8(
915 3279 1373 3342 manifestationem
1403 3282 1622 3364 perficit,
1664 3282 1735 3341 ita
1756 3282 1994 3366 quaedam
2030 3283 2109 3344 so-

325 3362 372 3422 la
390 3363 551 3424 tutela
579 3383 843 3439 contenta,
884 3366 1157 3425 humorem
1180 3363 1490 3442 aversentur,
1530 3371 1583 3427 8(
1608 3369 1740 3426 intra
1765 3368 1951 3427 siccum
1983 3389 2107 3427 con·

326 3447 532 3522 dantur,
570 3448 706 3509 unde
730 3452 781 3509 in
808 3449 962 3508 aridis
984 3447 1144 3531 lignis,
1185 3452 1238 3509 in
1259 3448 1501 3528 testaceiS,
1540 3454 1658 3511 &in
1673 3450 2011 3511 marmoribus
2029 3455 2106 3533 ip-

326 3531 387 3592 fis
410 3530 733 3594 occultantur
755 3539 807 3594 8(
829 3531 1090 3593 foventur.

410 3613 650 3676 Condita
664 3642 769 3679 ova
787 3622 917 3679 inter
940 3616 1179 3691 surculos,
1202 3641 1441 3703 gemmas,
1482 3624 1535 3681 8(
1557 3622 1822 3693 corticem,
1865 3640 1973 3677 non
1995 3639 2109 3677 om-

1260 3701 1324 3762 Ο
2028 3707 2111 3761 nia
