2600 3952
902 195 1213 261 QAnacome
1239 190 1589 261 Plantarum,
2263 219 2296 273 9

343 316 502 366 bulosae
530 315 639 378 sunt,
664 313 870 362 orbiculis
896 314 1092 359 invicem
1125 310 1347 357 hiantibus
1379 318 1416 360 E
1443 328 1672 375 contextae,
1704 317 1750 360 &
1786 307 2124 360 transversaliter

342 390 496 438 dustos
523 389 814 439 utriculorum
841 384 1014 430 ordines
1041 384 1079 428 F
1102 382 1469 448 superequitando
1495 385 1655 436 fortem
1684 401 1991 434 contexturam
2007 389 2124 434 exci-

342 478 451 512 tant.
519 459 702 530 Copiofi
724 456 873 507 &fere
899 457 1121 503 innumeri
1137 454 1232 501 lunt
1244 454 1592 505 horizontalium
1607 460 1905 508 utriculorum
1922 462 2119 507 minores

341 537 518 587 ordines
527 539 575 602 F,
591 534 752 599 reliqui
765 530 877 579 vero
893 531 938 591 C,
964 531 1043 596 qui
1058 526 1365 595 insignioribus
1380 528 1580 577 constant
1595 533 1803 594 utriculis,
1817 532 1911 580 sunt
1927 550 2120 581 numero

340 613 553 658 minores.
618 610 736 654 Inter
755 603 1004 671 ligneatum
1030 599 1278 650 fistularum
1307 616 1618 650 contexturam
1646 601 1910 669 elongantur
1940 604 2115 672 spitales

339 681 491 731 fistulae
514 684 570 743 G,
589 694 784 746 quarum
819 675 976 743 aliquae
988 677 1048 724 H
1054 672 1309 742 insigniores
1323 672 1433 737 sunt,
1455 674 1636 743 reliquae
1650 673 1920 742 graciliores,
1956 678 2116 727 Tubu—

341 754 430 804 losa
443 754 535 803 haec
558 770 746 820 corpora
776 753 899 800 tenui
913 750 1082 799 lamina
1098 748 1154 799 de
1170 766 1300 797 more
1328 752 1591 811 excitantur,
1617 765 1718 816 quae
1745 750 1941 815 argentei
1956 748 2115 798 coloris

337 829 415 892 est,
430 831 542 878 &in
557 827 719 896 spiram
751 840 1096 893 contorquetur,
1131 822 1224 872 haec
1238 822 1414 886 eadem,
1435 820 1559 891 quafi
1574 821 1766 889 piscium
1788 823 1980 883 corium,
2015 840 2115 872 cor-

335 901 618 970 pusculorum
633 898 906 965 squamatim
932 914 1248 946 contextorum
1273 895 1463 964 speciem
1479 895 1671 943 exhibet.
1737 894 2049 944 Trachearum
2068 898 2116 940 &

334 977 618 1043 reliquorum
630 972 744 1035 sitUS,
777 972 984 1040 indagato
1018 968 1217 1037 ejusdem
1235 970 1342 1039 ligni
1373 969 1639 1019 horizontali
1669 967 1915 1036 segmento,
1942 966 2113 1016 facilius

333 1067 455 1117 patet
481 1068 491 1097 ε
528 1053 579 1096 In
590 1047 676 1096 hoc
689 1048 838 1114 itaque
854 1043 1133 1114 copiofiffimi
1150 1062 1388 1094 excurrunt
1416 1043 1720 1094 utriculorum
1746 1045 1942 1091 minores
1957 1039 2113 1104 fasciae,

334 1124 407 1174 seu
420 1124 597 1173 ordines
611 1126 648 1186 I,
662 1123 687 1170 a
702 1126 865 1173 cortice
881 1122 1028 1172 versus
1042 1119 1298 1169 medullam
1310 1119 1501 1182 deducti,
1515 1121 1594 1186 qui
1608 1119 1633 1166 a
1646 1122 1770 1166 recto
1785 1117 2009 1167 declinant
2023 1136 2112 1168 tra-

333 1201 459 1261 mite,
481 1196 556 1246 ubi
591 1196 873 1247 trachearum
903 1195 1119 1264 turgentia
1133 1193 1385 1256 flectuntur,
1402 1198 1451 1242 δι
1476 1207 1730 1242 curvantur.
1796 1191 2113 1242 Utriculorum

332 1269 689 1322 transversalium
713 1273 950 1320 adauCtam
978 1267 1337 1336 magnitudinem
1369 1270 1416 1315 in
1440 1283 1643 1316 extremo
1660 1267 1798 1314 iconis
1825 1264 1988 1313 addere
2011 1264 2109 1331 pla-

331 1346 423 1394 cuit
436 1375 449 1406 ,·
487 1343 681 1413 oblonga
708 1347 877 1394 etenim
893 1343 1096 1392 constant
1121 1338 1283 1404 forma,
1306 1340 1473 1409 fibique
1489 1343 1685 1391 invicem
1699 1339 1850 1406 hiant,
1886 1342 2110 1391 interdurn

331 1418 585 1486 urgentibus
598 1417 786 1468 tracheis
800 1418 940 1467 veluti
954 1416 1118 1466 isthmo
1150 1418 1352 1478 coerciti,
1383 1418 1442 1464 ita
1467 1414 1773 1465 detumescunt
1798 1430 1845 1462 ut
1872 1413 1963 1464 fere
1991 1415 2107 1464 obli-

330 1508 538 1542 terentur.
609 1497 659 1540 In
672 1492 884 1559 oblongis
898 1493 1027 1553 areis,
1040 1508 1136 1557 quae
1153 1493 1264 1539 inter
1291 1507 1519 1538 enarratos
1534 1491 1707 1538 ordines
1721 1493 1746 1536 Ι
1757 1491 2109 1556 intercipiuntur,

329 1566 610 1615 trachearum
624 1583 704 1613 ora
721 1568 976 1631 aperiuntur
994 1580 1005 1608 ε
1034 1564 1125 1610 Istae
1139 1563 1240 1610 hinc
1256 1562 1356 1608 inde
1370 1561 1522 1628 ligneis
1534 1562 1656 1612 fibris
1672 1562 1924 1628 firmantur,
1946 1570 1994 1614 δε
2009 1583 2107 1614 am-

327 1637 521 1701 biuntur,
534 1655 728 1707 quarum
757 1637 1108 1685 delineationem
1137 1633 1382 1682 omifimuS.
1451 1635 1726 1703 Inaequalem
1752 1637 2107 1702 magnitudinem

326 1712 478 1763 sortita
494 1712 590 1761 sunt
603 1709 888 1762 trachearum
918 1706 1119 1770 crificia,
1154 1709 1440 1757 determinati
1472 1726 1672 1778 namque
1707 1707 1880 1756 ordines
1907 1708 2108 1758 trachea—

325 1804 431 1839 rum
443 1785 676 1854 insignium
688 1786 764 1848 K,
798 1781 923 1852 quali
965 1799 1033 1834 tot
1049 1781 1286 1851 inaequales
1306 1781 1461 1831 circuli
1471 1780 1558 1831 sese
1586 1784 1877 1845 continenteS,
1890 1781 2001 1851 ligni
2014 1779 2107 1853 seg-

325 1875 534 1909 mentum
549 1857 806 1927 complent3
842 1856 1069 1924 reliquum
1083 1855 1196 1906 vero
1219 1872 1332 1904 areae
1350 1854 1558 1922 spatium,
1576 1859 1691 1904 inter
1704 1855 1795 1904 haec
1810 1854 1991 1924 insignia
2016 1873 2108 1908 tra-

324 1930 538 1982 chearum
566 1950 648 1981 ora
682 1932 743 1994 K
759 1947 1024 1981 contentum
1039 1970 1053 1992 ,
1095 1929 1298 1979 minimis
1324 1927 1542 1978 hiantibus
1573 1927 1758 1978 tracheis
1784 1933 1823 1978 L
1848 1947 2110 1999 occupatur.

325 2008 584 2075 Ampliores
620 2004 797 2075 spitales
825 2004 978 2055 fistulae
1013 2006 1090 2068 K,
1120 2003 1375 2071 frequenter
1407 2005 1644 2069 pulmonares
1684 2003 1806 2071 quafi
1832 2005 2020 2072 vesiculas
2040 2008 2107 2073 M,

325 2080 612 2129 trachearum
648 2077 880 2127 substantia
907 2080 1148 2139 excitatas,
1181 2079 1414 2124 continent
1431 2107 1445 2136 ,-
1493 2076 1560 2124 hae
1592 2077 1867 2143 quandoque
1910 2079 2109 2126 invicem

326 2153 467 2217 hiant,
483 2153 706 2202 interdum
720 2150 846 2199 ovali
860 2150 1065 2199 constant
1081 2147 1245 2211 forma,
1271 2156 1320 2197 &
1333 2148 1478 2197 altero
1492 2165 1821 2213 nonnunquam
1836 2147 1924 2194 fine
1941 2152 2107 2215 imper-

325 2230 390 2276 vii
408 2226 519 2290 sunt,
556 2227 618 2273 ita
645 2241 693 2273 ut
706 2241 870 2290 parum
898 2222 1121 2272 diffimiles
1143 2220 1484 2289 pulmonaribus
1517 2219 1721 2269 veficulis
1749 2219 2022 2269 insectorum
2034 2238 2109 2269 ex-

325 2317 430 2350 tent.

390 2376 441 2421 In
455 2372 589 2420 ramis
604 2370 794 2435 castaneae,
821 2377 869 2419 &
885 2368 1044 2435 quercits
1079 2386 1159 2431 22,
1198 2383 1393 2435 quatuor
1418 2365 1495 2416 vel
1524 2370 1723 2434 quinque
1746 2385 1967 2416 annorum
1981 2407 1994 2430 ,
2026 2385 2107 2434 per
2124 2372 2252 2421 TAB.
2272 2373 2317 2420 6.

323 2443 620 2497 transversum
644 2442 783 2505 sestiS,
808 2442 1105 2492 utriculorum
1143 2439 1494 2491 horizontalium
1521 2441 1833 2509 producCtiones
1863 2447 1928 2504 A,
1957 2443 2106 2491 versus

325 2519 579 2569 medullam
605 2517 838 2585 elongatae,
865 2533 1130 2585 emergunt3
1164 2518 1280 2565 inter
1293 2531 1405 2582 quas
1428 2515 1568 2582 ligne}²
1581 2516 1809 2583 portiones
1824 2515 1864 2562 Β
1880 2518 2103 2584 intercipi-

325 2611 473 2657 untur,
502 2596 548 2641 in
581 2592 746 2661 quibus
774 2591 999 2660 ampliora
1031 2589 1320 2640 trachearum
1349 2607 1430 2639 ora
1448 2587 1568 2638 Csub
1591 2589 1898 2638 determinatis
1926 2591 2105 2639 circulis

324 2669 595 2734 aperiuntur.
663 2669 713 2714 ln
731 2665 886 2732 ligneis
913 2663 1192 2732 portionibus
1216 2661 1286 2712 seu
1315 2666 1423 2712 areis
1436 2663 1495 2725 Β,
1521 2662 1786 2730 appendices
1798 2665 1858 2725 D,
1884 2660 2105 2713 diversam

323 2737 615 2789 substantiam
649 2743 697 2787 δι
729 2737 935 2786 colorem
966 2733 1227 2799 referentes,
1259 2734 1594 2799 interseruntur,
1618 2753 1699 2805 quq
1733 2738 1982 2793 continuate
1996 2756 2102 2786 cum

323 2809 681 2862 transtersalibus
694 2809 991 2860 utriculorum
1007 2807 1235 2858 ordinibus
1245 2815 1297 2872 A,
1324 2808 1446 2877 quafi
1458 2807 1700 2878 pendentes
1723 2808 2018 2858 utriculorum
2029 2828 2101 2859 ra-

325 2889 442 2935 cemi
458 2905 553 2936 non
571 2886 800 2935 immerito
816 2881 1020 2939 censendc2
1035 2886 1235 2933 veniunt.

390 2961 575 3026 castanea:
590 2974 764 3009 truncus
780 2974 858 3023 23,
873 2963 920 3006 &
936 2957 1132 3023 ejusdem
1148 2958 1404 3006 continuata
1421 2954 1570 3022 lignea
1583 2953 1975 3022 portio,c0nfimili
1988 2970 2098 3021 gau-

322 3034 399 3084 det
409 3037 607 3103 partium
634 3048 871 3098 compage.
940 3035 988 3080 In
1022 3029 1137 3078 sesto
1164 3048 1243 3098 per
1267 3028 1566 3080 transversum
1582 3030 1782 3092 caudice,
1813 3027 2100 3079 trachearum·

325 3107 560 3175 insignium
576 3124 656 3155 ora
674 3104 749 3154 sub
761 3103 915 3153 iisdem
929 3105 1103 3154 circulis
1127 3104 1295 3165 locata,
1327 3120 1565 3152 occurrunt
1575 3133 1591 3165 3
1622 3101 1918 3151 utriculo‘rum
1932 3106 2098 3170 pariter

325 3180 497 3248 copiol}
508 3183 733 3249 portiones
767 3179 793 3226 a
829 3180 990 3228 cortice
1015 3181 1063 3226 in
1087 3177 1343 3226 medullam
1366 3176 1554 3233 dedunt».
1623 3176 1872 3243 Peramplae
1900 3174 1997 3227 sunt
2011 3192 2097 3228 tra>-

322 3253 537 3303 chearum
553 3252 706 3315 fistule,
721 3270 769 3302 ut
783 3270 876 3299 non
890 3247 1019 3300 facile
1034 3250 1176 3300 talem
1190 3253 1237 3298 in
1249 3250 1428 3318 reliquis
1453 3250 1581 3318 lignis
1596 3249 1945 3317 amplitudinem
1970 3269 2098 3320 repe-

322 3329 432 3390 rias3
467 3345 623 3396 quare,
640 3326 756 3376 seeco
773 3324 1010 3374 secundum
1022 3324 1350 3392 longitudinem
1363 3324 1658 3391 ligno,ingens
1674 3323 1954 3373 trachearum
1971 3323 2097 3375 satel-

322 3399 473 3451 litium
489 3400 572 3450 lese
597 3397 742 3462 offert,
774 3417 967 3467 quarum
996 3399 1240 3467 ampliores
1256 3402 1307 3462 A,
1333 3396 1689 3465 spiraliexcitatae
1706 3399 1818 3447 zona
1833 3399 1872 3447 Β
1901 3401 2096 3461 interius,

323 3474 605 3540 pulmonaris
645 3470 776 3522 instar
819 3471 940 3535 lobi,
993 3471 1291 3521 veficularum
1328 3473 1362 3519 C
1400 3473 1655 3538 congeriem
1706 3468 1861 3522 fovent
1890 3491 1901 3519 ε
1969 3472 2093 3521 Reli-

325 3563 466 3614 quum
493 3549 630 3617 ligni,
673 3543 1029 3597 transversalium
1065 3544 1359 3594 utriculorum
1400 3543 1625 3595 ordinibus
1655 3548 1715 3610 D,
1748 3554 1796 3598 δε
1841 3546 1998 3615 ligneis
2043 3544 2096 3593 fi-

1349 3620 1368 3667 Ι
1974 3620 2093 3669 stulis
