2638 3926
1114 404 1270 468 DE

516 556 1007 673 PILIS
1068 557 1149 636 ὅ(
1204 549 1874 670 SPINIS.

285 754 658 924 PLurimae
696 756 989 836 plantarum
1013 769 1182 835 partes
1214 753 1265 811 in
1304 751 1410 836 ipso
1447 754 1702 837 praecipue
1740 759 2084 838 vegetationis

461 839 632 899 limine
656 836 892 897 Pilorum
909 836 1063 920 copia
1088 836 1522 913 condecorantur‚
1562 845 1615 900 ὃς
1641 840 2010 923 emergentibus
2032 865 2085 900 a*

285 924 436 985 culeis
462 938 755 994 armantur3
795 922 934 982 unde
971 924 1181 983 videtur
1204 920 1438 997 Natura,
1482 944 1583 1005 pro
1622 923 1950 985 conciliando
1999 926 2083 985 de-

285 1032 405 1069 core
425 1059 443 1082 ,
484 1023 696 1066 comata
735 1006 1003 1068 reddidisse
1043 1005 1190 1091 plura
1229 1010 1534 1090 vegetanda,
1577 1005 1791 1091 ipsisque
1829 1009 1897 1069 ad
1919 1010 2082 1070 robur

283 1092 470 1174 Spinas
492 1089 750 1152 addidisse.
835 1089 1051 1152 Horum
1076 1096 1230 1173 igitur
1252 1092 1444 1174 indago
1469 1115 1566 1151 nos
1589 1097 1750 1175 rapit3
1791 1092 1927 1154 unde
1954 1094 1984 1153 a
2004 1094 2082 1154 Pi-

282 1174 340 1235 lis
363 1177 670 1250 exorientes,
710 1176 778 1237 ad
803 1174 988 1259 Spinas
1005 1178 1419 1236 exercitationem
1460 1174 1825 1258 producemus.

364 1342 425 1403 In
446 1345 701 1405 herbaceis
731 1346 905 1426 itaque
929 1366 1037 1427 prae
1059 1346 1255 1403 caeteris
1296 1340 1562 1403 luxuriant
1590 1340 1702 1418 Pili,
1744 1362 1802 1404 ut
1837 1362 1981 1428 patet
2028 1349 2081 1406 in

280 1425 472 1488 Salvia
498 1427 652 1510 (82.)
666 1427 812 1506 cujus
853 1426 1112 1500 humilior,
1154 1432 1203 1488 &
1228 1449 1398 1510 prona
1434 1426 1682 1488 foliorum
1720 1434 1904 1508 portio
1938 1435 2082 1512 copia

282 1510 507 1572 osiffimis
531 1512 644 1572 Pisis
669 1510 854 1571 referta
892 1510 977 1572 est.
1062 1510 1280 1570 Horum
1303 1511 1455 1593 aliqui
1473 1512 1531 1569 A
1551 1511 1730 1571 breves
1755 1509 1869 1571 sunt
1894 1519 1947 1573 &
1969 1537 2083 1574 cur-

281 1600 355 1670 vi,
398 1600 449 1655 ὅ(
485 1598 625 1678 quasi
665 1595 819 1654 nodis
863 1592 1102 1676 distingui
1137 1593 1406 1655 videntur:
1446 1600 1578 1656 inter
1609 1594 1704 1654 hos
1745 1595 1847 1655 albi
1869 1598 2082 1678 quidam

278 1680 581 1760 minimique
626 1677 770 1761 fungi
811 1678 1128 1738 conduntur.
1208 1676 1270 1736 A
1299 1677 1505 1738 costulis
1526 1683 1718 1762 pariter
1743 1685 1796 1741 ὃ(
1835 1680 2080 1742 foliorum

276 1760 522 1845 pediculo
567 1761 783 1844 oblongi
822 1760 1133 1821 attolluntur
1157 1759 1246 1843 pili
1281 1759 1351 1836 B,
1391 1765 1481 1844 qui
1517 1767 1766 1836 contorti,
1816 1765 1891 1823 ita
1937 1767 2082 1825 varie

278 1846 574 1920 fledtuntur,
615 1865 674 1906 ut
695 1844 984 1928 lanuginem
1006 1866 1115 1927 prae
1134 1844 1180 1904 se
1202 1843 1386 1905 ferant.

360 1929 426 1990 In
449 1927 689 1992 Cichorea
729 1951 939 2012 quoque
955 1928 1117 2010 (83.)
1146 1928 1212 1988 ab
1234 1928 1487 1990 humiliori
1532 1929 1780 1991 foliorum
1805 1930 2081 2013 superficie,

275 2014 493 2098 ipsisque
515 2012 720 2076 costulis
743 2012 951 2075 candidi
987 2031 1267 2096 erumpunt
1291 2012 1386 2075 Pili
1409 2014 1484 2088 A,
1523 2013 1637 2074 lato
1659 2031 1849 2075 exortu
1885 2018 1937 2074 in
1969 2037 2080 2073 mua

276 2121 489 2159 cronem
513 2098 829 2158 desinentes:
869 2097 1061 2158 horum
1089 2120 1364 2182 compages
1398 2096 1639 2159 mollibus
1676 2095 1901 2158 utriculis
1923 2097 1975 2156 B
1992 2122 2082 2158 ex*

277 2185 501 2255 citatur3
545 2182 576 2240 ὲ
591 2181 889 2264 primordiis
914 2198 1090 2240 autem
1121 2182 1351 2263 ipsorum
1396 2187 1694 2242 extremitas
1731 2180 2080 2242 terebinthinae

277 2264 478 2346 capsus&
495 2264 895 2340 condecoratur,
936 2287 1050 2346 quae
1075 2265 1244 2323 statim
1269 2263 1592 2324 contabescit.
1677 2265 1740 2325 ln
1768 2266 1912 2324 floris
1928 2265 2079 2326 calice

279 2345 499 2427 ejusdem
534 2346 823 2420 Cichoreae,
863 2354 915 2407 ὃ(
937 2346 1056 2406 alibi
1079 2353 1253 2422 etiam,
1303 2347 1472 2408 tenelli
1497 2346 1741 2432 pullulant
1769 2350 1862 2410 Pili
1886 2353 1948 2426 C,
1990 2355 2080 2432 qui

277 2436 330 2493 in
355 2431 696 2492 rubicundam
724 2428 1079 2490 terebinthinae
1101 2429 1357 2514 capsulam
1379 2431 1442 2491 D
1459 2437 1808 2494 terminantur.

361 2516 718 2575 Amentaceus
761 2511 1039 2574 Cucurbitae
1061 2515 1160 2575 flos
1185 2513 1340 2597 (84.)
1362 2517 1575 2577 interius
1607 2517 1884 2602 praecipue,
1926 2516 2075 2601 pluri-

281 2596 377 2659 bus
401 2598 713 2681 elegantibus
741 2596 1086 2682 conspergitur
1110 2598 1229 2660 Pilis
1241 2625 1256 2673 3
1297 2601 1550 2683 inaequalis
1572 2621 1745 2663 tamen
1771 2602 2080 2685 magnitudi⁴

279 2686 367 2742 nis.
464 2681 545 2742 Hi
580 2687 752 2765 itaque
789 2684 1014 2744 utriculis
1038 2684 1096 2743 A
1128 2704 1536 2767 componuntur,
1578 2709 1687 2747 non
1715 2711 1872 2747 unam
1899 2708 2081 2768 perpe-

279 2769 376 2827 tub
399 2766 715 2829 servantibus
748 2767 993 2843 formam,
1034 2774 1086 2829 &
1109 2791 1300 2829 croceo
1332 2769 1568 2852 quodam
1605 2770 1751 2832 fiicco
1790 2768 2080 2855 replentur:

277 2853 330 2910 in
365 2859 510 2935 apice
536 2857 746 2936 pariter,
786 2852 915 2913 dum
950 2851 1122 2913 adhuc
1156 2852 1337 2914 molles
1366 2873 1607 2938 vegetant
1621 2879 1636 2928 3
1677 2853 1992 2916 subrotunda
2029 2878 2075 2912 e-

278 2937 439 2996 minet
462 2935 809 2997 terebinthinae
839 2935 1037 3019 capsula
1060 2934 1128 3011 B,
1169 2937 1307 2996 luteo
1323 2960 1536 3024 quoque
1564 2939 1714 3001 succo
1738 2939 1939 3010 referta,
1962 2959 2079 3019 quae

279 3019 603 3080 evanescente
627 3021 844 3082 humore
862 3020 1179 3081 obliteratur.

363 3102 491 3165 Nec
513 3103 783 3167 arboribus
809 3103 941 3189 ἱρῆς,
976 3109 1029 3164 8(
1063 3101 1331 3165 fruticibus
1354 3104 1533 3166 desunt
1555 3127 1748 3177 comae3
1791 3103 1874 3166 sed
1901 3103 2079 3189 passim

279 3189 332 3246 in
360 3186 579 3271 ipsarum
619 3190 853 3271 partibus
876 3188 1155 3249 luxuriant.
1244 3187 1326 3247 Ita
1367 3193 1421 3251 in
1444 3188 1601 3270 Virga
1622 3190 1893 3273 fitnguinea
1923 3191 2080 3273 (85.)

280 3275 557 3346 miramur3
598 3271 747 3351 hujus
772 3274 1020 3334 foliorum
1063 3271 1291 3356 superior
1329 3277 1510 3357 portio
1539 3273 1797 3350 brevibu8‚
1837 3281 1890 3337 &
1929 3278 2076 3333 mini-

281 3359 374 3414 mis
398 3357 781 3417 condecoratur
812 3357 930 3418 Pilis
957 3382 969 3417 :
1010 3378 1181 3440 prona
1216 3362 1340 3418 vero
1369 3355 1626 3441 oblongiS,
1668 3365 1720 3419 &
1744 3359 1983 3419 mollibus
2007 3359 2077 3419 A.

281 3436 388 3498 His
426 3440 620 3524 insuper
696 3441 919 3503 ediculus
941 3447 993 3502 ὃ(
1018 3440 1235 3501 surculus
1272 3460 1548 3517 ornantur3
1590 3450 1642 3504 &
1680 3447 1930 3528 temporis
1967 3444 2076 3502 diu-

282 3524 545 3600 turnitate,
583 3464 826 3611 ipsgrum,
853 3525 1098 3586 candidus
1116 3524 1240 3586 olim
1257 3525 1423 3603 color,
1464 3530 1516 3588 in
1534 3530 1800 3588 cervinum
1818 3530 2053 3588 vertitur.

361 3604 627 3669 Avellanae
663 3611 822 3697 (86.)
857 3611 1025 3672 tenelli
1063 3609 1255 3688 fiirculi,
1295 3619 1348 3674 ὃ(
1372 3611 1495 3674 folia
1542 3613 1785 3696 copiosos
1825 3629 2078 3753 prossan

1983 3720 1999 3752 1
2016 3715 2077 3753 os

2157 230 2228 294 55
