2600 3952
289 156 2281 196 ’,ἅ-,ΜΝ

898 193 1327 252 MARCELLI
1371 183 1841 245 MALPIGHII

303 228 2290 308 jaff-W

500 342 646 372 samos
661 329 707 370 &
728 318 834 367 folia
861 309 1101 362 ascendere.
1170 308 1386 356 Humoris
1403 323 1557 356 tamen
1580 303 1807 356 ascensum
1824 305 2001 374 singulis
2025 305 2180 357 fistulis
2208 330 2287 360 ne„

496 413 720 467 quaquam
738 402 1030 440 communem
1054 381 1137 431 effe
1162 382 1348 452 patebit,
1372 383 1647 434 considerato
1673 383 1752 434 usu
1782 390 1830 434 &
1861 386 2040 432 actione
2069 382 2285 437 foliorum

497 470 743 526 cucurbitae,
756 468 780 512 a
795 463 968 510 seminis
983 478 1113 509 carne
1126 460 1469 529 productorum,
1483 479 1581 530 quae
1594 461 1779 530 pulposa
1806 458 2032 529 aliquibus
2061 459 2282 515 dicuntur:

495 548 622 593 Nam
635 554 805 587 certum
819 535 898 597 est,
930 544 998 595 (ut
1013 554 1068 584 ex
1082 535 1226 584 diario
1253 537 1591 603 germinationis
1617 535 1901 604 leguminum
1933 534 2149 605 patebit,)
2180 536 2286 590 bina

496 615 602 664 folia
616 612 672 659 ab
685 609 859 659 extensa
874 607 1047 658 seminis
1061 628 1209 670 carne,
1242 609 1564 677 comprodudta
1594 613 1642 659 in
1655 610 1882 659 cucurbita
1895 617 1942 661 &
1956 610 2071 674 aliis,
2094 610 2120 659 ὲ
2138 610 2288 662 radice

492 684 733 732 humorem
748 687 941 750 recipere
956 724 969 745 ,
1003 685 1111 731 cum
1126 685 1172 731 in
1187 685 1413 749 ingentem
1446 682 1695 732 excrescant
1720 684 1896 732 molem
1913 717 1925 752 5
1961 684 2032 734 sed
2045 689 2212 736 iterum
2238 690 2287 736 in

490 758 667 805 caulem
685 775 767 825 pro
775 757 1101 824 germinatione
1119 760 1166 802 &
1182 755 1391 801 auctione
1406 752 1634 804 evidenter
1663 759 1903 806 remittere.
1968 761 2100 808 Nam
2126 757 2285 810 avulfis

491 831 805 899 agerminante
831 828 1000 897 planta,
1028 826 1190 876 eadem
1216 826 1416 893 ficceffit3
1452 834 1500 876 ὅτ,
1529 830 1576 877 in
1601 829 1898 897 leguminibus
1915 828 2137 882 seminalis
2162 851 2285 904 caro,

492 921 592 971 quae
610 900 768 949 folium
783 902 846 951 est
872 900 1210 971 conglobatum,
1225 899 1325 950 licet
1336 916 1430 949 non
1455 901 1715 951 extendatur
1732 910 1779 952 δι
1794 903 1991 970 virescat,
2026 916 2206 977 recepto
2218 923 2285 958 ta·

493 993 601 1023 men
614 973 803 1024 humido
818 975 1018 1024 oleosam
1049 973 1352 1038 substantiam,
1375 978 1702 1044 propriumque
1715 976 1891 1028 succum
1905 980 2131 1049 plantulae,
2158 988 2284 1051 cujus

490 1047 603 1095 cauli
617 1053 913 1113 continuatur,
930 1048 1115 1099 affundit
1130 1091 1144 1113 ,
1171 1053 1233 1099 ita
1248 1065 1298 1098 ut
1315 1053 1495 1116 placentae
1511 1053 1632 1099 vices
1647 1048 1858 1119 suppleat.
1924 1055 2189 1107 Consimilia
2213 1076 2286 1108 ac·

492 1120 638 1170 cidere
650 1126 696 1171 in
711 1126 985 1175 excrescente
1000 1127 1219 1194 germine,
1231 1143 1287 1173 ex
1300 1125 1425 1173 dietis
1438 1140 1578 1194 patet,
1597 1126 1703 1175 cum
1719 1142 1767 1174 ut
1792 1127 2041 1194 plurimum
2056 1134 2206 1200 prima
2217 1130 2286 1182 fo.

494 1194 603 1244 liola
615 1197 829 1265 placentae
843 1204 961 1251 vices
977 1215 1147 1269 gerant,
1162 1207 1211 1250 &
1228 1203 1356 1249 novis
1370 1197 1553 1248 subortis
1569 1197 1686 1248 foliis
1702 1199 1922 1249 decidant.

554 1273 671 1322 Hinc
687 1274 980 1343 probabiliter
1009 1274 1249 1338 deducam,
1264 1271 1374 1325 folia
1396 1275 1422 1323 a
1438 1278 1618 1324 Natura
1642 1277 1691 1324 in
1702 1274 1820 1324 hunc
1835 1273 1961 1324 usum
1979 1276 2160 1343 institui,
2180 1282 2288 1330 utin

488 1342 688 1411 ipsorum
706 1349 899 1398 utriculis
916 1351 1149 1400 nutritivus
1182 1348 1328 1398 succus
1344 1364 1593 1412 contentuS,
1607 1349 1633 1398 a
1651 1347 1805 1417 ligneis
1821 1347 1942 1397 fibris
1958 1350 2128 1400 delatus
2153 1370 2287 1403 exco-

485 1433 677 1487 quatur3
714 1420 934 1490 frequenti
951 1427 1076 1472 enim
1102 1421 1370 1472 anastomofi
1397 1421 1610 1472 valbrum
1635 1424 1685 1471 in
1698 1421 1835 1491 longo
1850 1423 2006 1472 itinere
2017 1427 2288 1474 commixtus

486 1491 667 1557 humor,
684 1494 895 1547 solarium
911 1502 1048 1547 etiam
1065 1498 1298 1547 radiorum
1313 1501 1361 1546 vi
1376 1499 1563 1561 attritu8,
1579 1497 1692 1546 dum
1714 1500 1925 1566 antiquae,
1945 1500 1992 1547 in
2005 1498 2199 1547 utriculis
2210 1498 2289 1549 ad·-

486 1566 571 1615 huc
587 1575 847 1636 perennanti
866 1614 879 1636 ,
904 1575 1103 1621 materiae
1128 1572 1353 1635 miscetur,
1379 1588 1551 1621 novam
1568 1571 1681 1620 subit
1706 1576 1906 1640 partium
1920 1590 2211 1643 compagem,
2235 1581 2288 1626 &

487 1641 819 1710 transpiratum,
835 1664 927 1695 non
940 1645 1099 1716 dispari
1114 1649 1216 1710 ritu,
1234 1664 1284 1695 ac
1298 1645 1456 1694 accidit
1470 1663 1594 1695 novo
1609 1645 1878 1695 animalium
1891 1647 2110 1697 alimento
2123 1689 2138 1712 ,
2159 1646 2287 1716 quod

488 1714 661 1784 reliquo
679 1716 877 1788 sanguini
901 1724 950 1770 in
961 1720 1073 1771 vafis
1101 1721 1127 1769 a
1145 1722 1384 1769 nutritione
1410 1719 1567 1768 relicto
1584 1718 1789 1784 affusum,
1801 1719 1858 1769 ab
1872 1720 2036 1770 eodem
2051 1724 2100 1769 in
2114 1720 2287 1792 sangui-

485 1790 551 1834 nis
565 1808 642 1839 nat
649 1811 777 1841 uram
792 1796 1019 1844 exaltatur.
1076 1793 1375 1842 Confimilem
1390 1808 1601 1841 naturam
1618 1796 1799 1861 reperiri
1812 1796 1860 1842 in
1870 1797 2062 1842 Corticis
2077 1797 2290 1864 utriculis,

484 1876 620 1929 atque
638 1868 776 1915 etiam
793 1865 1001 1931 seriebus,
1015 1865 1310 1917 transversam
1324 1866 1436 1934 ligni
1447 1882 1624 1934 partem
1638 1866 1980 1935 occupantibuS,
1992 1867 2288 1935 probabiliter

485 1940 692 1987 evincam
708 1971 721 2006 3
757 1955 805 1987 ut
820 1942 923 1990 inde
937 1957 1102 2011 pateat,
1116 1959 1210 1991 non
1223 1940 1481 1990 irrationale
1493 1938 1596 2004 effe,
1620 1943 1668 1990 in
1680 1938 1842 1990 iisdem
1859 1940 2017 1990 loculis
2029 1941 2191 2009 plantat
2203 1944 2287 1993 ali-

482 2016 690 2062 moniam
701 2020 942 2085 concoqui,
960 2024 1008 2067 &
1025 2017 1199 2068 servari.
1267 2019 1508 2086 Pericarpii
1521 2016 1706 2081 humor,
1733 2019 1782 2065 in
1793 2015 2072 2067 corticalibus
2087 2019 2285 2070 utriculis

483 2087 770 2154 coadunatus,
786 2097 833 2140 &
849 2096 1054 2141 excoCtus
1073 2124 1085 2159 3
1120 2107 1303 2157 caeparum
1317 2093 1485 2160 pariter
1514 2089 1687 2154 sacculi,
1713 2088 1946 2159 copiosum
1960 2091 2206 2143 humorem
2220 2093 2286 2144 as-

484 2157 701 2209 servantes
720 2202 734 2225 ,
770 2170 817 2211 &
833 2168 880 2210 in
894 2168 1001 2211 novi
1027 2167 1241 2231 germinis
1254 2180 1549 2232 augmentum
1575 2181 1824 2233 erogante8‚
1837 2165 2036 2215 multum
2068 2166 2176 2216 lucis
2183 2172 2285 2235 jam

482 2238 669 2282 exaratis
686 2234 870 2284 afferent
886 2268 897 2302 5
931 2235 1039 2285 ficut
1054 2242 1101 2285 &
1118 2236 1293 2286 adauCti
1309 2236 1485 2287 utriculi
1500 2240 1548 2284 in
1561 2237 1823 2287 detruncato
1837 2250 1994 2303 quercu,
2011 2246 2060 2290 &
2073 2240 2191 2306 aliis,
2203 2246 2284 2312 qui

481 2302 543 2352 ita
557 2309 772 2358 asservato
786 2309 978 2358 humore
992 2325 1196 2377 turgent3
1224 2315 1303 2376 qui
1321 2310 1428 2357 alias
1457 2314 1504 2360 in
1523 2315 1666 2357 trunci
1690 2318 1738 2358 ὅτ.
1753 2329 1986 2359 ramorum
2012 2313 2284 2365 alimoniam

482 2380 682 2431 consumi
696 2383 1034 2447 consueverant,
1062 2400 1111 2433 ut
1127 2381 1344 2435 fibrarum
1361 2381 1614 2454 lignearum
1634 2399 1745 2432 areae
1771 2382 1996 2452 infigniter
2010 2384 2282 2454 dilatentur,

484 2462 534 2505 &
548 2455 647 2523 ipsae
663 2455 816 2506 fistulae
831 2474 1229 2525 contorqueantur.

550 2532 877 2596 Conjecturalis
893 2551 1047 2582 tamen
1063 2534 1147 2581 erit
1175 2535 1345 2582 excocti
1361 2531 1565 2582 alimenti
1581 2530 1751 2595 semita,
1782 2533 1808 2581 a
1836 2528 2055 2582 foliorum
2066 2537 2282 2602 utricuIiS,

485 2607 647 2654 cortice
660 2613 708 2656 &
722 2607 925 2657 medulla
953 2605 1184 2671 effluentiS,
1208 2613 1257 2656 &
1274 2607 1623 2675 quodammodo
1637 2605 1936 2676 regredientis,
2002 2609 2130 2659 Licet
2154 2614 2280 2662 enim

483 2677 715 2744 probabile
727 2680 792 2743 sit,
806 2678 1016 2729 inferiora
1042 2682 1202 2731 versus
1220 2680 1338 2730 elabi
1365 2683 1413 2730 in
1428 2697 1636 2730 truncum
1662 2679 1919 2749 &radice85
1952 2700 2046 2731 non
2070 2682 2279 2739 videntur

486 2765 641 2800 tamen
667 2771 874 2803 extremae
901 2772 1134 2803 ramorum
1146 2771 1308 2822 parteS,
1332 2754 1448 2803 ultra
1477 2753 1588 2804 folia
1602 2754 1771 2818 locatae,
1798 2754 1962 2823 quibus
1977 2759 2083 2806 uteri
2109 2776 2277 2827 appen-

484 2823 649 2874 duntur
679 2833 726 2876 &
757 2826 1021 2891 consimilia,
1049 2825 1286 2893 spoliandae
1310 2827 1396 2876 hoc
1423 2825 1641 2876 beneficio
1659 2859 1672 2895 5
1700 2827 1817 2876 unde
1842 2828 2117 2896 probabilius
2131 2831 2276 2880 osten-

484 2896 610 2962 dam,
637 2900 694 2947 ab
707 2902 903 2950 utriculis
930 2901 1124 2951 derivari
1145 2905 1376 2950 excoctam
1401 2906 1498 2969 jam
1526 2901 1796 2954 alimoniam
1815 2903 1974 2952 mediis
2001 2903 2186 2954 vasculis
2204 2925 2275 2956 re·-

488 2973 736 3022 ticularibus
755 3015 768 3037 ,
803 2994 998 3044 quorum
1014 2974 1376 3024 adumbrationes
1398 2979 1446 3023 in
1462 2977 1570 3041 rypha
1585 2975 1888 3041 observantur,
1914 2974 2076 3047 absque
2088 2987 2275 3047 perenni

487 3051 536 3093 &
551 3046 857 3096 confiderabili
887 3049 1008 3097 fluxu
1037 3055 1086 3098 &
1113 3049 1299 3113 refluxu,
1328 3066 1522 3117 eamque
1546 3054 1594 3098 in
1620 3050 1803 3103 vastulis
1824 3047 2029 3102 laetiferis
2041 3094 2055 3116 ,
2083 3053 2156 3102 seu
2175 3053 2271 3104 san-

486 3121 673 3184 guineis,
689 3120 807 3187 quasi
821 3121 1038 3189 stagnare,
1055 3127 1103 3171 &
1118 3126 1241 3188 juxta
1256 3123 1566 3193 indigentiam,
1588 3126 1755 3193 (quam
1768 3124 2041 3194 transpiratio
2049 3166 2064 3190 ,
2092 3133 2140 3176 &
2151 3146 2271 3180 exte·-

490 3194 659 3241 riorum
674 3197 791 3241 actio
815 3194 1110 3244 diversimode
1124 3207 1442 3264 promovent,)
1478 3197 1652 3248 effluere
1679 3200 1904 3249 interdum
1921 3202 2057 3249 etiam
2079 3199 2136 3249 ad
2161 3221 2270 3255 con-

490 3269 627 3332 tiguas
641 3287 888 3337 parumque
913 3268 1154 3339 superiores
1171 3290 1344 3342 partes3
1381 3280 1429 3324 &
1445 3279 1507 3324 ita
1533 3273 1734 3343 subsequi
1748 3290 2039 3345 augmentum
2066 3281 2266 3326 &nutri-

489 3346 677 3405 tionem,
705 3346 969 3413 cumplures
995 3353 1132 3397 etiam
1159 3348 1371 3399 arborum
1383 3356 1516 3415 rami,
1546 3359 1594 3402 δι
1609 3351 1836 3414 herbacea,
1861 3350 2197 3401 horizontaliter
2209 3352 2264 3403 fi-

491 3429 679 3465 tuentur.
746 3420 868 3467 Alias
894 3421 1133 3490 simplicior
1148 3424 1346 3474 arriserat
1360 3429 1435 3474 via
1449 3458 1460 3492 3
1494 3426 1569 3474 diu
1584 3431 1706 3475 enim
1721 3423 1903 3487 credidi,
1928 3425 2150 3475 alimoniae
2162 3443 2261 3475 ma-

489 3492 649 3538 teriam
663 3508 740 3556 pet
754 3492 918 3561 ligneas
947 3493 1077 3545 fibras
1092 3498 1117 3545 a
1132 3498 1347 3548 radicibus
1362 3496 1519 3548 deferri
1547 3503 1594 3547 in
1607 3498 1858 3549 universam
1871 3497 2037 3545 arboris
2068 3496 2261 3557 molem,

491 3562 548 3612 ab
561 3564 755 3612 utriculis
778 3566 887 3615 vero
902 3567 1238 3621 transversaliter
1259 3572 1415 3623 locatis
1438 3569 1801 3622 fermentativum
1815 3568 2049 3619 immisceri
2066 3567 2259 3632 succum,

2113 3641 2256 3709 qualis
