2638 3926
384 230 461 293 74

1031 193 1130 257 ‘De
1157 194 1440 257 Radicibus
1467 196 1775 257 Plantarum.

527 339 669 409 dent,
716 356 828 417 quae
847 330 1087 405 nodosas,
1129 327 1211 390 seu
1235 327 1493 391 tuberossis
1520 327 1828 409 appendices
1855 332 1900 391 C
1922 350 2195 414 promunt,
2235 336 2328 395 oli-

531 443 676 481 vares
701 419 732 479 a
754 416 924 478 forma
950 415 1122 474 dicias.
1210 415 1314 474 Hae
1336 416 1510 494 itaque
1533 434 1625 494 per
1647 409 1864 493 longum
1896 414 2049 492 seciae,
2090 416 2331 500 dispersos

530 505 809 584 lignearum
854 497 1155 574 fistularum,
1210 504 1264 559 &.
1298 497 1620 558 trachearum
1660 493 1918 556 fasciculos
1957 500 2019 557 D
2058 502 2331 564 exhibent:

533 574 781 670 reliquum
805 581 1036 667 appensis
1060 583 1288 644 utriculis
1314 583 1369 642 E
1389 579 1694 666 completur.
1778 577 1920 641 Non
1960 581 2114 665 longe
2138 586 2169 644 a
2189 606 2335 650 terrae

534 671 807 756 superficie,
847 674 898 731 in
918 686 1170 730 autumno
1198 689 1356 729 novae
1392 683 1670 750 erumpunt
1700 662 1933 727 Radices
1954 665 2009 725 F
2037 666 2337 734 horizonta·

536 758 650 817 liter
680 755 858 815 dubiae.

621 838 928 921 Analogam
967 859 1179 918 quoque
1218 837 1517 895 strueiuram
1556 838 1802 896 miramur
1832 837 1886 895 in
1926 834 2031 897 aliis
2070 836 2343 916 herbaceis,

538 947 765 1008 quorum
785 920 1026 981 radicales
1045 922 1215 980 trunci
1236 918 1580 1003 utplurimum
1610 919 1999 981 horizontaliter
2021 920 2194 1000 locati,
2237 945 2347 985 non

538 1009 694 1092 longe
718 1007 749 1065 a
767 1023 918 1066 terrae
956 1004 1218 1088 superficie
1249 1004 1551 1076 humantur,
1594 1002 1625 1060 a.
1643 1003 1831 1085 quibus
1858 1005 2039 1082 caule8‚
2080 1012 2134 1069 ὃ(
2174 1005 2347 1069 Radi-

541 1118 622 1156 ces
658 1092 936 1152 exordium
977 1093 1221 1173 capiunt:
1265 1087 1491 1172 Exiguae
1529 1104 1704 1149 tamen
1756 1090 2117 1172 magnitudinis
2163 1111 2351 1155 extant

542 1176 838 1258 hujufinodi
870 1179 1059 1250 trunci,
1100 1173 1137 1233 si
1179 1198 1301 1235 cum
1344 1170 1578 1257 appensis
1619 1170 1916 1236 Radicibus
1950 1194 2351 1261 comparentur:

542 1263 680 1324 unde
726 1261 868 1344 quasi
914 1259 1044 1321 nodi
1091 1258 1193 1319 dici
1238 1257 1466 1342 possunt.
1551 1255 1685 1319 Hoc
1726 1262 1784 1320 in
1822 1256 2060 1342 sylvestri
2101 1261 2355 1345 Asparago

545 1348 608 1429 (1
623 1371 652 1408 2
666 1348 744 1430 3.)
769 1348 1016 1418 occurrit,
1058 1342 1203 1422 cujus
1227 1361 1437 1401 truncus
1461 1342 1656 1424 gracilis
1674 1343 1731 1400 A
1754 1347 1945 1405 cortice
1987 1345 2356 1423 circumdatus,

547 1432 695 1492 luteis
738 1429 914 1490 fistulis
954 1433 1005 1488 &
1049 1426 1270 1487 tracheis
1305 1422 1357 1483 Β
1398 1425 1615 1486 interius
1662 1425 1907 1500 conditiS‚
1951 1448 2358 1509 coagmentatur.

546 1516 647 1578 Ab
674 1516 777 1576 hoc
807 1535 1023 1597 gemmae
1050 1515 1094 1573 C
1118 1526 1418 1592 erumpunt,
1460 1531 1577 1594 quae
1615 1508 1842 1592 plurium
1866 1506 2115 1571 foliorum
2143 1530 2363 1575 contex-

547 1601 662 1661 tura
687 1601 1002 1660 conflantur.
1088 1594 1308 1657 Inferius
1330 1594 1559 1678 pendent
1581 1592 1766 1669 crassae,
1789 1599 1843 1655 &
1866 1592 2108 1679 oblongae
2129 1595 2364 1660 Radices

550 1686 611 1744 D
648 1682 1002 1757 subrotundae‚
1042 1687 1096 1742 &
1134 1679 1374 1763 turgidae,
1415 1678 1587 1763 crispis
1619 1676 1734 1762 pilis
1769 1677 2087 1764 conspersae3
2127 1684 2364 1744 minimas

550 1770 767 1830 ulterius
795 1767 1044 1829 radiculas
1075 1765 1131 1825 E
1149 1781 1460 1849 promentes.
1547 1761 1801 1825 Exaratae
1816 1763 2072 1842 RadiceS,
2111 1765 2270 1829 denso
2292 1767 2366 1828 sb.-

551 1857 621 1915 tis
636 1859 828 1915 cortice
853 1851 1086 1912 exterius
1117 1850 1449 1922 ambiuntur3
1490 1847 1765 1910 succedens
1787 1852 1919 1910 vero
1943 1853 2133 1935 portio
2157 1855 2210 1913 in
2239 1850 2367 1913 sedta

550 1934 1040 2022 perpendiculariter
1083 1933 1298 1995 Radice
1338 1932 1698 2017 grandioribus
1733 1934 1961 1996 utriculis
2000 1935 2059 1994 F
2074 1939 2337 1997 excitatur
2349 1962 2368 2013 3

555 2029 608 2084 ὃ(
625 2040 859 2083 centrum
877 2020 913 2078 a
940 2020 1112 2103 ligneo
1137 2018 1379 2079 fasciculo
1402 2018 1476 2091 G,
1500 2021 1555 2078 in
1578 2017 1829 2079 radiculas
1842 2018 2367 2105 divis0,0ccupatur;

558 2112 645 2190 qui
667 2106 735 2167 ad
757 2103 985 2165 Radicis
1008 2121 1302 2164 extremum
1320 2100 1587 2177 deduiim,
1627 2100 1773 2162 nullo
1808 2103 2043 2164 obduCto
2069 2107 2264 2166 cortice
2278 2129 2367 2168 co-

556 2194 793 2276 operitur
816 2213 832 2260 3
874 2187 956 2247 sed
979 2188 1268 2269 diaphanus
1291 2187 1504 2246 tantum
1530 2186 1698 2260 ichor,
1738 2186 1953 2248 cuticula
1993 2206 2286 2266 contentus,
2314 2215 2368 2251 a·

557 2281 727 2361 picem
753 2272 940 2356 explet.

646 2361 707 2421 ln
745 2355 1036 2419 Chelidonio
1077 2359 1274 2428 minori,
1316 2352 1395 2412 seu
1432 2350 1742 2432 Scrcfialaria
1780 2352 1977 2436 (124.)
2010 2372 2237 2432 truncus,
2286 2356 2368 2420 scu

562 2446 835 2506 Radicum
861 2441 1031 2500 nodus
1054 2439 1110 2498 A
1136 2440 1376 2497 minimus
1394 2435 1485 2510 est,
1506 2432 1694 2495 sursum
1726 2434 1850 2496 folia
1895 2441 2139 2515 eructans,
2180 2441 2370 2524 quibus

563 2530 842 2611 corruptiS‚
884 2523 1062 2608 ligneae
1111 2522 1254 2582 fibrae
1280 2518 1331 2579 B
1368 2517 1654 2604 supersunt3
1706 2517 1918 2581 inferius
1945 2541 2120 2584 autem
2169 2526 2371 2610 produ-

563 2632 752 2674 cuntur
788 2607 1035 2671 tuberosae
1062 2606 1292 2668 Radices
1316 2607 1379 2682 C,
1420 2603 1627 2664 diverfis
1646 2602 1938 2666 constantes
1972 2608 2160 2691 figuri5‚
2202 2611 2234 2670 a
2260 2615 2370 2694 qui-

565 2699 661 2758 bus
684 2695 772 2779 pili
805 2711 1098 2777 erumpunt.
1192 2690 1405 2751 Harum
1427 2687 1656 2748 medium
1668 2686 1860 2771 ligneus
1885 2690 2148 2772 cylindrus
2171 2694 2370 2757 Deum

566 2782 781 2843 tracheis
810 2786 863 2840 &
890 2778 1067 2837 fistulis
1090 2792 1373 2859 perreptat,
1414 2778 1466 2832 &
1489 2771 1832 2833 utriculorum
1870 2774 2020 2837 stiriae
2037 2778 2093 2836 E
2115 2778 2368 2863 reliquum

566 2866 794 2950 explent.
878 2861 1043 2921 Circa
1060 2858 1373 2941 Septembris
1412 2858 1570 2917 finem
1615 2880 1831 2940 gemmae
1866 2858 1923 2917 F
1954 2863 2371 2938 manifestantur3

567 2959 620 3013 ὃ(
638 2949 846 3026 tenellae,
887 2967 1144 3029 novaeque
1168 2941 1402 3005 Radices
1425 2942 1497 3017 G,
1537 2941 1650 3025 pilis
1675 2942 1952 3026 conspersae
1973 2946 2003 3004 a
2027 2970 2242 3029 gemmae
2266 2947 2372 3010 bafi

568 3054 862 3118 erumpunt.
949 3030 1012 3091 ln
1048 3031 1303 3114 principio
1342 3025 1479 3088 Maii
1513 3027 1782 3110 elongatus
1809 3027 1963 3089 caulis
1999 3030 2143 3092 humi
2190 3057 2370 3117 repens

574 3144 682 3179 non
704 3123 824 3180 raro
847 3123 898 3179 in
924 3114 1127 3199 singulis
1152 3113 1303 3174 nodis
1333 3135 1500 3173 novas
1523 3136 1735 3197 quoque
1755 3116 1943 3174 emittit
1961 3115 2220 3178 tuberosas
2248 3116 2371 3181 Ra-

574 3206 723 3263 dices,
810 3203 871 3262 ln
892 3202 1048 3262 axilla
1088 3202 1274 3260 etenim
1301 3220 1368 3258 ex
1389 3196 1502 3258 lato
1539 3196 1670 3258 folio
1694 3197 1748 3257 F
1773 3202 1973 3281 gemina
2009 3199 2299 3285 frequenter
2320 3227 2370 3263 e-

575 3289 773 3368 rumpit
790 3286 844 3345 R
857 3285 981 3345 adix
998 3285 1068 3360 G,
1085 3306 1304 3367 quarum
1317 3282 1473 3343 altera
1491 3280 1616 3343 solet
1629 3285 1781 3343 etiam
1796 3281 1906 3343 folii
1915 3285 2369 3368 implantationem

572 3371 806 3430 lacerare.
892 3366 1226 3448 Subsequitur
1248 3366 1418 3427 nodus
1441 3365 1521 3442 H,
1565 3366 1720 3450 aquo
1745 3365 1870 3428 folia
1888 3374 1941 3429 &
1969 3369 2199 3431 cauliculi
2231 3369 2372 3434 elon·

574 3460 825 3538 gantur‚&
844 3453 911 3511 ab
928 3453 1115 3511 horum
1137 3452 1291 3512 axilla
1316 3449 1534 3534 copiosae
1554 3475 1766 3536 quoque
1780 3449 2008 3514 Radices
2029 3452 2066 3511 I
2083 3476 2369 3539 emergunt,

577 3538 787 3598 tandem
814 3537 879 3595 ab
917 3535 1146 3595 ulteriori
1169 3536 1316 3594 nodo
1346 3536 1404 3594 Κ
1436 3534 1584 3619 supra
1605 3535 1714 3599 folii
1737 3537 1790 3598 L
1817 3537 2263 3620 implantationem
2289 3563 2369 3625 ge·

579 3627 730 3683 minae
746 3618 980 3683 radiculae
1001 3619 1266 3702 pullulant.

2029 3703 2157 3766 Con
2165 3707 2369 3769 similem
