2638 3926
827 208 931 274 {Dc
969 214 1225 272 Seminum
1258 212 1317 270 V
1310 221 1593 296 egetatione.

289 347 456 410 Circa
473 370 669 408 nonam
687 346 845 423 diem,
884 345 1116 430 plantula·
1134 347 1346 428 geminis
1369 345 1633 406 hiantibus
1650 348 1786 408 foliis
1804 350 1868 410 X
1882 350 2072 412 sursum

206 434 479 496 attollitur.
566 430 705 492 Haec
755 434 807 492 in
853 434 999 516 apice
1055 430 1286 492 sublutea
1326 427 1471 491 sunt:
1534 435 1588 490 in
1632 431 1832 515 reliquo
1871 436 2072 496 viridia.

206 517 467 582 Exterius
506 514 736 602 ipsorum
787 516 997 578 costulae
1056 519 1314 591 eminent,
1388 517 1612 576 invicem
1658 516 2064 579 anastomizatae.

207 604 461 678 Utriculi,
505 602 694 686 quibus
717 601 839 661 folia
865 617 1284 681 componuntur,
1329 600 1551 660 humore
1577 620 1785 685 turgent
1807 602 2073 680 subviridi,

205 689 499 773 parumque
533 685 854 748 flavescente.
944 682 1186 767 Ipsorum
1226 684 1437 746 ordines
1469 685 1869 748 horizontaliter
1898 687 2076 749 situati

204 774 468 836 videntur.
552 770 735 832 Caulis
759 770 813 825 Y
850 767 1233 852 longitudinem
1254 772 1436 832 indicis
1465 770 1704 855 adeptuS,
1746 795 1816 833 ex
1837 772 1961 833 albo
1997 776 2076 832 vi-

205 858 354 919 rescit
383 862 435 918 in
469 855 540 914 fiii
579 855 940 914 extremitate:
981 853 1118 918 ultra
1153 856 1487 942 appendicem
1514 859 1716 940 promit
1752 858 1997 929 radicem,
2044 859 2075 916 ὰ

206 966 311 1027 qua
351 945 572 1001 minores
608 937 850 998 radiculae
884 959 1197 1023 erumpunt,
1244 941 1360 1026 pilis
1395 941 1684 1027 conspersae.
1777 942 1888 1004 Hic
1922 941 2076 1004 iectus

206 1051 296 1113 per
320 1020 656 1085 transversum
693 1022 902 1084 ovalem
942 1025 1152 1086 exhibet
1176 1026 1401 1088 formam
1414 1079 1431 1104 ,
1470 1034 1524 1090 &
1551 1027 1776 1088 exterius
1822 1033 2077 1089 acumina-

207 1131 294 1172 tos
316 1112 513 1194 promit
541 1106 686 1191 pilos.
774 1108 948 1169 Variis
973 1109 1254 1170 fistularum
1290 1111 1568 1193 lignearum
1601 1108 1839 1172 fasciculis
1861 1111 1929 1172 Z
1959 1135 2080 1174 cum

208 1194 437 1256 conditis
459 1193 671 1254 tracheis
703 1196 1055 1278 componitur,
1099 1197 1189 1278 qui
1228 1195 1279 1254 in
1298 1216 1489 1278 gyrum
1518 1193 1691 1271 locati,
1731 1195 1970 1279 disparati
2005 1216 2082 1256 ta-

209 1304 357 1356 men,
405 1276 641 1339 medullae
678 1277 855 1339 locum
894 1278 1166 1363 praestant:
1218 1276 1428 1340 inferius
1466 1298 1642 1340 autem
1687 1284 1740 1340 in
1783 1280 2080 1364 cylindrum

210 1362 455 1448 congesti,
495 1362 677 1425 radicis
700 1382 941 1425 truncum
962 1363 1257 1424 efformant.
1345 1363 1406 1425 A
1423 1364 1593 1448 ligneis
1618 1363 1811 1440 fistulis,
1851 1368 2082 1441 corticiS,

209 1455 265 1511 δ(
284 1448 522 1510 medullae
543 1448 884 1509 utriculorum
920 1448 1131 1510 ordines
1150 1447 1395 1531 pendent,
1435 1455 1489 1510 ὅ(
1525 1449 1556 1508 a
1587 1454 1755 1510 trunci
1781 1453 2083 1534 apicegem-

211 1558 298 1597 ma
332 1533 554 1621 assurgit.
631 1531 907 1592 Procerior
943 1532 1102 1593 indies
1145 1532 1381 1595 redditur
1406 1532 1669 1619 plantula3
1710 1533 2084 1618 elongatusque

214 1618 397 1692 cauIiS,
437 1617 646 1677 interius
678 1614 931 1675 fistulosus
963 1615 1193 1677 efficitur.
1273 1616 1425 1678 Folia
1464 1617 1669 1693 latiora,
1708 1622 1763 1678 &
1797 1616 1978 1679 viridia
2024 1617 2083 1678 ea

213 1701 471 1786 praecipue
504 1704 556 1759 in
584 1717 748 1781 parte,
787 1699 893 1780 quai.
923 1700 1113 1758 hiantia
1148 1697 1343 1759 coelum
1375 1698 1643 1783 aspiciunt,
1684 1721 1983 1775 curvantur,
2031 1707 2085 1761 8(

214 1784 465 1870 plicabilia
490 1784 634 1843 fiunt.
712 1782 943 1843 Gemma
976 1785 1174 1843 auetior
1205 1781 1460 1844 attollitur
1471 1808 1488 1856 3
1529 1783 1769 1846 nondum
1794 1801 1966 1845 tamen
1994 1807 2084 1844 ex-

215 1869 402 1955 plicita.

302 1951 464 2015 Circa
496 1951 794 2036 vigesimam
824 1955 1047 2035 primam
1079 1949 1235 2029 diem,
1276 1950 1535 2036 completa
1579 1953 1807 2026 videtur,
1851 1950 2084 2012 firmata-

217 2062 318 2124 que
338 2038 516 2124 planta
528 2062 544 2111 3
585 2035 814 2098 seminale
851 2040 986 2097 enim
1004 2034 1197 2098 solium
1232 2058 1263 2096 a
1301 2037 1455 2109 hanc,
1494 2041 1549 2097 8<
1584 2035 1835 2118 majorem
1869 2041 2085 2120 acquirit

217 2123 656 2207 magnitudinem,-
698 2121 868 2196 viridi,
907 2120 1232 2205 sinuatoque
1263 2119 1425 2207 pollet
1457 2119 1651 2183 colore.
1731 2118 1939 2204 Septem
1962 2144 2087 2182 con-

220 2213 346 2270 tinet
376 2208 624 2270 fibrarum
657 2204 920 2267 fasciculos
962 2203 1014 2282 b,
1054 2226 1172 2290 quae
1206 2206 1464 2267 interdum
1490 2204 1623 2265 ultra
1652 2203 1995 2280 medietatem,
2035 2209 2088 2266 in

223 2310 328 2352 rete
350 2313 376 2347 c
400 2291 655 2363 desinunt,
697 2292 728 2347 a
747 2292 933 2371 quibus
974 2290 1252 2371 pendentes
1277 2286 1618 2349 utriculorum
1654 2287 1858 2350 ordines
1888 2287 1997 2350 folii
2017 2289 2087 2350 la-

224 2371 496 2435 titudinem
530 2372 808 2454 complent.
901 2372 1091 2430 Patent
1128 2388 1303 2431 autern
1327 2371 1554 2432 detraffli
1576 2370 1831 2433 cuticula:
1892 2372 2088 2456 elegans

225 2479 446 2540 namque
473 2455 815 2517 utriculorum
845 2472 948 2515 rete
977 2453 1013 2512 d
1037 2455 1285 2533 occurrit,
1324 2456 1474 2540 quod
1498 2478 1607 2517 non
1631 2456 1843 2517 tantum
1865 2459 2091 2542 implica-

228 2545 372 2602 tione
401 2540 728 2626 producitur,
769 2538 1050 2600 secundiim
1067 2538 1181 2600 folii
1200 2539 1613 2625 longitudinem,
1655 2540 1737 2602 sed
1760 2544 1920 2602 etiam
1932 2542 2091 2627 penes

230 2624 526 2699 craffitiem3
568 2625 644 2685 ita
667 2645 729 2686 ut
757 2622 889 2685 seito
918 2624 1322 2687 horizontaliter
1356 2625 1506 2698 folio,
1553 2625 1776 2707 ejusdem
1804 2629 1927 2687 retis
1963 2649 2089 2710 pro»

231 2712 408 2773 duffio
442 2714 593 2772 etiam
621 2730 811 2794 pateat.
897 2708 1014 2770 Pilis
1049 2708 1272 2793 copiosis
1294 2733 1412 2796 pars
1435 2714 1642 2772 interior
1673 2711 1883 2772 horrida
1920 2712 2089 2772 reddi-

233 2815 333 2858 tur.
408 2793 680 2857 Foliorum
715 2792 1009 2875 hujufinodi
1042 2794 1349 2858 seminalium
1385 2794 1615 2856 mirabile
1639 2794 1710 2856 est
1736 2816 2089 2881 augmentum,

233 2880 272 2940 fi
308 2878 522 2941 naturali
554 2879 891 2963 magnitudini
914 2903 939 2939 e
976 2904 1098 2942 corn
1137 2898 1317 2941 aretur.
1407 2878 1656 2942 Pediculo
1679 2881 1845 2957 brevi,
1889 2887 1940 2940 &
1963 2902 2086 2939 con-

236 2987 373 3025 cavo
385 2964 430 3050 f
435 2966 708 3026 firmantur
726 2964 837 3025 haec
848 2962 998 3025 folia:
1026 2966 1057 3026 a
1096 2967 1366 3028 ummitate
1381 2970 1566 3027 etenim
1583 2965 1754 3041 cauliS,
1773 2965 1908 3025 fauo
1922 2964 2089 3039 nodo,

237 3046 462 3132 ipsorum
486 3068 698 3111 exortus
727 3073 763 3130 g
796 3052 1001 3124 eminet,
1040 3073 1269 3134 quorum
1306 3050 1524 3112 alterum
1553 3050 1638 3111 hic
1671 3050 2032 3109 detruncatum
2055 3047 2088 3107 h

238 3133 508 3194 indicatur.
555 3133 616 3195 A
638 3132 882 3194 foliorum
902 3133 1052 3194 axilla
1075 3135 1323 3220 reliquum
1345 3134 1498 3197 caulis
1522 3140 1562 3210 i,
1592 3133 1680 3193 sub
1698 3155 1910 3216 gemmae
1937 3134 2092 3219 specie

241 3217 333 3277 diu
368 3216 585 3290 latitans,
626 3218 858 3301 assurgit,
910 3217 1129 3302 crispum
1166 3242 1407 3304 namque,
1453 3226 1506 3280 ὅ(
1582 3217 1734 3278 arum
1767 3218 2087 3302 explicitum,

241 3300 414 3362 stabile
440 3300 621 3363 folium
651 3302 700 3386 ἦ,
742 3303 1052 3379 laciniatum,
1089 3302 1197 3387 pilis
1219 3303 1422 3365 inferius
1449 3309 1500 3363 &
1547 3303 1758 3386 uperius
1782 3319 2092 3387 coopertum

243 3389 463 3468 promit:
506 3385 752 3470 reliquum
774 3390 899 3448 verb
923 3385 1014 3447 sub
1039 3411 1239 3472 gemma
1266 3388 1288 3446 l
1321 3387 1490 3448 adhuc
1514 3388 1815 3449 custoditur.
1903 3387 1966 3447 A
1994 3409 2091 3446 no·-

245 3469 322 3529 do
335 3469 570 3531 deorsum
597 3475 948 3555 exporrigitur
971 3473 1122 3533 caulis
1137 3492 1185 3529 m
1203 3476 1254 3532 in
1274 3471 1419 3557 spinis
1436 3471 1703 3548 horridus3
1752 3472 1835 3532 hic
1849 3474 2091 3533 horizon-

247 3553 412 3614 taliter
436 3556 603 3632 ίεᾶυε,
626 3554 766 3639 quasi
795 3556 1002 3617 ovalem
1028 3579 1134 3642 prae
1156 3554 1201 3616 se
1222 3554 1315 3617 fert
1341 3556 1568 3618 formam
1591 3580 1641 3634 n,
1666 3561 1801 3618 intus
1820 3578 1976 3615 cavus
2000 3554 2091 3631 est,

247 3636 331 3699 lex
354 3635 592 3702 fasciculis
617 3640 786 3724 ligneis
814 3665 840 3702 o
878 3644 929 3702 in
952 3664 1142 3726 gyrum
1169 3640 1347 3703 locatis
1376 3645 1731 3725 componitur,
1783 3645 1836 3700 ὅ(
1860 3643 2094 3701 interme-

2009 3723 2096 3783 dia
