2600 3952
885 182 1198 253 QAnacome
1223 181 1576 262 Plantarum,

334 313 590 383 vegetando
616 305 831 360 radiculas
854 307 1043 374 promit,
1071 302 1191 353 unde
1206 302 1411 354 radicum
1425 320 1604 358 truncus
1626 310 1742 358 erit:
1778 309 1934 360 Caulis
1947 328 2119 380 autem,

332 391 382 437 δι
405 386 616 439 Caudicis
641 385 790 450 major
812 381 965 450 portio
990 374 1071 428 sub
1095 372 1238 444 specie
1262 374 1410 426 adhuc
1446 395 1640 445 gemmae
1668 380 1843 432 latitare
1868 384 2060 452 videtur,
2090 390 2118 439 a

330 462 457 526 eujus
481 459 702 529 principio
726 460 776 504 &
798 467 959 502 exortu
982 452 1169 519 gemina
1193 449 1385 518 pendere
1397 451 1595 502 vidimus
1619 453 1855 505 seminalia
1882 453 2013 522 folia,
2038 460 2123 512 suis

330 531 487 601 ligneis
513 531 687 592 fistulis,
716 524 918 588 trabeis,
950 530 1001 575 δι
1030 522 1232 574 utriculis
1258 523 1524 588 constantia,
1554 542 1654 594 quae
1678 528 1756 578 diu
1789 527 2012 582 servatum
2025 529 2120 584 suc.

329 622 436 655 cum
461 609 627 656 iterum
662 598 858 672 plantulg
895 596 1177 648 reaffundunt
1191 633 1207 660 ,
1238 610 1289 645 ut
1315 600 1489 646 auctior
1521 596 1716 648 redditus
1759 615 1951 667 truncus,
1983 623 2114 674 gem-

329 678 406 727 ma
430 676 594 727 scilicet
609 682 656 725 δι
681 672 904 741 elongatis
943 669 1151 721 radiculis
1169 709 1184 733 ,
1206 663 1363 718 senfim
1399 669 1633 720 adolestat.
1700 674 1752 720 In
1778 676 2112 745 Vegetantibus,

325 763 522 819 quorum
537 746 772 799 seminales
796 743 1009 815 plantulae
1020 744 1177 793 laxatis
1202 740 1324 792 foliis
1349 745 1584 812 privantur
1600 752 1669 804 (ut
1687 746 1734 793 in
1746 746 1845 794 alliis
1865 749 2111 817 deprehen-

324 824 514 891 dimus,)
547 819 818 891 multiplices
840 817 1135 870 utriculorum
1160 816 1336 866 ordines
1352 857 1366 880 ,
1410 819 1457 866 in
1483 815 1742 886 plantulam
1779 816 2004 885 inclinati,
2038 841 2113 874 au.

322 899 498 946 stivam
523 894 701 945 succum
725 891 943 965 praebent,
976 894 1056 962 qui
1083 894 1130 940 in
1154 887 1312 939 iisdem
1335 890 1488 959 primo
1523 903 1791 955 maceratur,
1822 897 1872 943 &
1884 892 2113 961 postremo

320 967 474 1019 effluit.

387 1117 531 1170 Vetus
563 1112 629 1166 est
651 1115 891 1182 Empedoclis
912 1114 1098 1182 dogma,
1135 1109 1390 1180 plantarum
1413 1110 1586 1162 semina
1611 1125 1687 1160 ova
1714 1106 1800 1160 ess‘e'
1817 1149 1833 1174 ,
1868 1109 1929 1160 ab
1953 1110 2111 1165 iisdem

318 1187 524 1243 decidua.
586 1193 798 1240 Ovorum
821 1186 983 1257 species
1006 1192 1105 1237 tam
1133 1188 1265 1235 variae
1291 1183 1406 1247 sunt,
1436 1200 1486 1234 ut
1511 1182 1570 1234 ad
1598 1185 1785 1236 unicam
1809 1198 2022 1236 naturam
2044 1199 2114 1237 're-

315 1258 421 1312 ferri
447 1278 689 1333 nequeant.
755 1265 808 1312 ln
831 1265 1027 1328 Viviparis
1046 1262 1192 1322 enim,
1222 1261 1248 1309 ὲ
1276 1257 1531 1328 primordiis
1545 1297 1560 1322 ‚
1602 1259 1652 1307 in
1676 1261 1836 1319 ovaria's,
1876 1274 1977 1326 quae
2002 1259 2113 1325 testes

319 1336 565 1406 vulgariter
587 1336 809 1400 dictmtur,
829 1336 989 1403 exigua
1002 1336 1284 1383 continentur
1310 1349 1420 1394 ova,
1445 1332 1492 1379 in
1505 1327 1667 1398 quibus
1696 1331 1878 1380 cicatrix
1891 1329 2110 1400 colliqua-

315 1415 463 1462 menti
489 1414 696 1479 portione
721 1408 947 1476 ambitui-3
977 1407 1070 1458 haec
1095 1422 1244 1457 autem
1277 1409 1325 1456 in
1350 1420 1528 1454 uterum
1554 1400 1751 1472 delapsa,
1783 1407 1833 1453 &
1857 1401 1921 1452 ibi
1934 1399 2104 1456 foecun.

313 1484 440 1550 data,
474 1485 742 1536 adveniente
764 1483 822 1534 ab
844 1484 988 1534 Utero
1023 1484 1207 1533 nutritio
1232 1480 1359 1531 succo
1384 1483 1432 1530 in
1453 1496 1627 1529 novum
1656 1476 1914 1529 excrescunt
1939 1496 2102 1542 ovum,

311 1557 504 1608 adausto
529 1554 684 1608 fitnsim
706 1572 922 1607 contento
934 1554 1058 1606 foetu.
1124 1558 1175 1603 In
1202 1557 1406 1623 pennatis
1433 1559 1482 1605 &
1514 1558 1707 1620 Oviparis,
1742 1551 1858 1602 ultra
1873 1554 2103 1604 cicatricu-

308 1628 407 1680 lam
430 1633 546 1679 varii
570 1629 948 1679 circumlocantur
971 1629 1180 1675 humores
1198 1664 1213 1686 ‚
1245 1631 1328 1690 qui
1353 1629 1482 1672 Uteri
1514 1629 1633 1673 vices
1659 1621 1881 1690 supplent,
1912 1630 1963 1676 δι
1987 1643 2099 1676 con—

309 1716 438 1750 tento
459 1699 589 1750 foetui
617 1702 877 1749 audtionem
903 1702 951 1746 &
991 1697 1286 1744 nutritionem
1326 1693 1619 1763 suppeditant.
1684 1698 1736 1744 In
1768 1699 2018 1762 Iqleftorum,
2048 1704 2100 1750 δε

307 1775 618 1843 quorumdam
645 1768 1011 1840 imperfectorum
1052 1767 1322 1818 animalium
1357 1770 1557 1817 minimis
1580 1770 1697 1832 ovis,
1729 1767 1845 1817 ultra
1869 1772 2099 1821 cicatricu-

305 1844 404 1896 lam
427 1850 592 1915 exigua
618 1846 867 1896 humorum
890 1843 1036 1894 moles
1061 1858 1199 1906 extat,
1236 1848 1287 1893 ὃς
1311 1840 1439 1890 brevi
1454 1841 1664 1891 incubata
1678 1841 1850 1891 animal
1864 1855 2102 1912 promunt,

305 1918 432 1987 quod
463 1919 690 1971 succeffiv3⁴
721 1920 980 1980 nutritione,
1011 1930 1298 1965 externarum
1323 1918 1525 1982 partium
1538 1913 1654 1965 facta
1667 1917 1936 1978 mutatione,
1947 1915 2098 1969 diver-

307 1990 371 2041 sas
400 1991 517 2043 subit
540 1995 840 2061 apparentias,
872 1986 1165 2040 manifestatis
1185 1994 1234 2037 &
1265 1988 1596 2055 emergentibus
1627 1987 1826 2058 pluribus
1859 1988 2100 2053 membris,

307 2069 360 2113 δι
382 2064 651 2133 quibusdam
670 2067 814 2113 etiam
841 2061 1098 2111 obliteratis,
1164 2058 1267 2112 Alia
1285 2061 1446 2127 pariter
1470 2059 1657 2107 aderunt
1678 2074 1874 2107 ovorum
1900 2073 2066 2127 genera
2080 2098 2097 2123 ,

308 2135 436 2186 nobis
449 2137 592 2187 adhuc
620 2139 791 2205 ignota.
860 2133 975 2183 Illud
1005 2149 1145 2182 unum
1161 2130 1338 2182 videtur
1359 2130 1598 2200 probabile
1617 2131 1664 2180 in
1686 2133 1877 2181 exaratis
1898 2148 2097 2183 ovorum

309 2207 532 2281 speciebus
548 2249 562 2274 ,
588 2208 808 2280 perpetuo
833 2205 1042 2256 animalis
1065 2220 1341 2274 compagem
1363 2206 1586 2255 contineri
1612 2206 1660 2254 in
1685 2202 1913 2274 aliquibus
1936 2205 2097 2257 minus

310 2281 578 2351 explicitam
592 2322 607 2346 ,
639 2284 688 2330 in
717 2279 816 2331 aliis
840 2283 985 2348 magis
1020 2274 1336 2346 manifestam3
1381 2277 1610 2348 reliquum
1636 2276 1750 2329 vero
1775 2272 2093 2332 circumaffiisae

309 2354 554 2406 substantiae
593 2373 677 2426 pro
700 2357 880 2405 auc'tiva
905 2354 1099 2403 materia
1117 2351 1272 2400 locari.

374 2505 426 2551 In
451 2498 673 2552 seminalis
713 2499 923 2570 plantulae
966 2499 1257 2567 productione
1296 2501 1455 2547 Ovum
1496 2497 1679 2547 excitari
1718 2495 1948 2565 vidimu83
1981 2511 2093 2550 nam

305 2573 520 2642 plantula,
555 2574 713 2623 amnio
735 2587 962 2633 contenta,
989 2569 1422 2639 percolatoachorio
1439 2569 1629 2617 humore
1643 2565 1799 2618 sensim
1813 2583 2014 2637 augetur,
2040 2575 2093 2621 δε

305 2648 451 2696 varias
474 2645 589 2696 subit
612 2642 779 2694 formas
797 2675 812 2712 3
845 2643 991 2692 donec
1004 2639 1217 2711 acquifita
1228 2640 1375 2691 debita
1386 2655 1606 2709 compage
1629 2647 1679 2691 δι
1693 2640 1904 2691 sttutstura
1929 2657 2090 2692 eman-

303 2721 491 2787 cipetur,
523 2717 760 2787 stparemr,
794 2722 844 2767 δι
869 2715 1048 2766 decidat
1074 2716 1100 2764 ὲ
1125 2731 1326 2784 parente,
1351 2711 1460 2783 suiq3
1483 2716 1590 2782 juris
1611 2709 1730 2764 faeta
1754 2716 1803 2761 in
1813 2711 2067 2767 determina

302 2808 402 2842 tum
424 2789 617 2842 servetur
638 2806 828 2858 tempus,
861 2795 912 2839 δε
937 2786 1270 2839 advenientibus
1281 2785 1573 2838 exterioribus
1597 2790 1813 2837 excitetur
1835 2786 1894 2836 ad
1908 2803 2089 2857 vegeta-

303 2866 494 2929 tionem,
523 2871 572 2915 &
586 2863 769 2933 proprii
797 2862 862 2924 vi,
887 2862 1064 2931 energia
1093 2860 1261 2914 scilicet
1288 2865 1503 2932 partium,
1534 2859 1697 2930 quibus
1722 2863 2026 2929 componitur,
2038 2865 2086 2911 in

302 2954 477 2988 novam
500 2935 717 2987 excrescat
739 2933 957 2999 formam,
981 2943 1030 2986 &
1043 2935 1232 2986 molem.
1264 2940 1409 2987 Status
1423 2939 1571 3005 igitur,
1594 2951 1688 3002 quo
1700 2935 1882 3001 quiescit
1892 2932 2086 2984 semina-

301 3011 358 3060 lis
386 3011 596 3080 plantula
611 3009 676 3060 sui
687 3012 886 3079 generis,
911 3013 1035 3060 Ovum
1061 3009 1151 3060 dici
1182 3010 1355 3079 potest3
1386 3007 1495 3058 inest
1507 3011 1630 3057 enim
1645 3009 1780 3071 ineo,
1810 3006 1938 3058 velut
1961 3009 2010 3055 in
2020 3010 2085 3057 ci-

302 3090 486 3149 catrice,
517 3101 612 3133 non
635 3082 729 3132 sola
741 3085 936 3134 viventis
961 3088 1128 3148 carina,
1156 3082 1231 3133 sed
1257 3101 1364 3133 cum
1392 3084 1589 3133 minimo
1631 3097 1794 3131 trunco
1818 3079 2085 3151 assurgentes

301 3174 465 3226 partes,
477 3174 661 3226 gemma
675 3153 856 3220 scilicet,
878 3161 928 3206 δι
943 3155 1114 3226 insignis
1127 3156 1284 3207 radicis
1294 3174 1448 3206 conus.
1519 3157 1603 3204 l-lis
1628 3153 1864 3219 addamus,
1889 3150 2084 3204 fermen-

301 3235 467 3282 tativos
481 3234 643 3300 pariter
664 3226 813 3278 succos
826 3232 874 3277 in
887 3230 1085 3299 appenfis
1096 3228 1213 3279 foliis
1226 3229 1364 3281 locari
1379 3248 1462 3299 par
1477 3227 1580 3293 effic,
1609 3244 1657 3277 ut
1667 3225 1983 3279 modificatum
1996 3226 2085 3292 alig

300 3321 511 3354 mentum
532 3301 591 3353 ab
606 3319 727 3352 extra
752 3302 989 3354 adveniens
1010 3303 1218 3373 plantulae
1248 3303 1521 3354 exhibeatur.¹
1589 3305 1751 3368 Qare
1786 3319 1878 3352 non
1914 3304 2083 3371 ovipa-

298 3395 457 3428 rorum
479 3381 592 3428 Ovis
609 3375 802 3446 analoga
831 3393 961 3427 erunt
988 3378 1244 3447 plantarum
1268 3376 1456 3442 semina,
1492 3377 1601 3426 cum
1626 3375 1734 3440 haec,
1765 3375 1882 3428 ultra
1895 3379 2078 3431 incuba-

299 3465 416 3516 tum,
447 3454 637 3504 exterius
665 3453 901 3523 expectent
917 3451 1199 3520 alimentum,
1221 3449 1349 3520 quod
1370 3453 1418 3502 in
1438 3454 1545 3504 Ovo
1560 3464 1711 3501 totum
1734 3448 1985 3503 includitur.
2032 3454 2078 3502 A

1290 3523 1380 3577 Dd
1941 3525 2074 3581 Vivi-

2222 201 2285 259 81
