2600 3952
256 144 1853 184 s

323 205 408 274 75
847 188 1291 249 MARCELLI
1361 173 1833 233 MALPIGHII

483 313 647 366 branefi
674 310 761 357 fere
802 306 1013 354 excitatur
1037 293 1288 356 substantia,
1312 297 1435 361 cujus
1462 296 1729 345 exteriorem
1770 294 1997 346 ambitum
2038 301 2269 352 reticulate

496 384 704 438 vasorum
745 393 856 444 opus
898 379 936 424 A
975 370 1180 437 cooperit
1206 408 1220 432 ,
1255 373 1305 417 &
1346 367 1623 418 diversorum
1652 368 1927 437 angulorum
1948 389 2043 430 areg
2073 376 2273 425 excitan⁴

487 476 567 507 tur.
636 450 844 501 Cucurbitae
872 446 1040 513 pariter
1081 440 1233 491 semen
1275 441 1466 490 exterius
1503 444 1751 492 minimum
1787 443 2000 495 vasorum
2038 450 2273 499 reticulate

482 545 600 597 opus
631 521 825 583 exhibet,
854 517 931 567 sub
962 535 1055 586 quo
1078 515 1229 585 plures
1270 514 1562 564 utriculorum
1588 517 1763 566 ordines
1785 522 1950 586 jacent,
1981 527 2030 572 &
2055 521 2276 574 seminalis

478 597 568 667 ipsa
591 594 796 666 plantula
825 591 1037 643 subviridi
1067 594 1232 642 iterum
1259 589 1559 639 circumdatur
1578 588 1808 642 secundina
1826 633 1839 656 ,
1863 598 2045 666 turgidis
2070 600 2276 670 congesta

486 670 677 720 sacculis.
746 670 1041 738 Amygdalarum
1069 679 1210 732 quoq,
1235 661 1387 711 lemen
1418 680 1529 729 304,
1561 662 1674 712 ultra
1689 665 1903 718 nucleum
1930 670 2099 722 ofleum
2129 672 2277 725 secun-

485 744 588 793 dina
617 742 931 802 circumdatur,
954 756 1052 807 quae
1076 735 1267 785 exterius
1279 734 1490 783 utriculos
1513 735 1690 786 caecales
1708 744 1748 789 A
1764 746 1949 809 promit,
1971 748 2152 796 interius
2166 750 2278 800 vero

488 835 567 886 per
591 817 782 884 longum
797 813 915 862 fibris
929 812 1086 880 ligneis
1104 851 1118 873 ,
1140 808 1427 859 reticulariter
1440 810 1685 878 implicitis,
1698 814 1968 883 pervaditur,
1997 819 2158 890 quibus
2170 826 2278 874 utri-

487 891 693 940 culorum
715 886 893 936 ordines
923 884 1249 955 appenduntur.

555 966 606 1011 In
631 961 806 1011 Cannabe
844 978 953 1030 305,
981 959 1134 1009 semen
1163 957 1407 1009 secundinis
1434 961 1596 1027 pariter
1624 959 1886 1027 involvitur,
1915 983 2015 1035 quae
2042 973 2160 1020 tenui
2188 973 2282 1040 epi-

492 1035 697 1085 dermide
720 1038 1033 1105 cooperiuntur
1052 1074 1065 1097 ,
1093 1031 1172 1082 sub
1214 1050 1307 1101 qua
1346 1029 1494 1083 fibrofi
1516 1030 1708 1082 fasciculi
1735 1039 1788 1099 A,
1818 1039 1933 1089 mire
1959 1043 2186 1111 impliciti,
2211 1062 2283 1094 to-

492 1128 590 1162 tam
614 1109 922 1180 peripheriam
943 1124 1210 1170 excurrunt,
1244 1124 1360 1156 areae
1385 1107 1497 1157 vero
1517 1105 1654 1175 spatia
1683 1109 1880 1176 utriculis
1904 1115 2131 1182 replentur
2152 1138 2162 1167 :
2193 1121 2284 1170 Sub

493 1184 559 1235 his
584 1184 922 1234 horizontaliter
950 1183 1154 1233 locantur
1184 1179 1454 1249 multiplices
1479 1179 1634 1231 fistulae
1655 1222 1668 1244 ,
1690 1181 1851 1251 quibus
1881 1188 2166 1242 involucrum
2193 1194 2286 1244 fere

495 1259 667 1307 osseum
695 1262 926 1320 excitatur,
958 1258 1139 1306 interius
1165 1256 1275 1305 vero
1301 1254 1457 1303 mollis
1486 1251 1740 1320 secundina,
1765 1259 1965 1310 utriculis
1992 1271 2286 1337 compagina-

495 1346 557 1395 ta,
585 1330 776 1394 locatur,
808 1330 1071 1381 seminalem
1101 1325 1358 1400 plantulam
1384 1326 1646 1377 custodiens.

567 1409 617 1453 In
646 1406 887 1470 Portulaca,
911 1407 1133 1469 Hyacintho
1163 1406 1352 1468 Mattioli,
1389 1408 1437 1453 &
1468 1406 1666 1472 Gittagine
1710 1408 1817 1473 306,
1843 1403 2080 1462 secundina
2103 1417 2294 1470 exterius

496 1476 694 1546 pluribus
719 1479 1001 1547 exasperatur
1028 1480 1279 1528 eminentiis
1299 1476 1592 1546 papillaribus
1614 1483 1665 1543 A,
1693 1497 1807 1548 quae,
1833 1481 1959 1550 quafi
1972 1482 2120 1554 spinae,
2147 1489 2223 1540 stu
2240 1488 2293 1539 fi-

498 1553 686 1623 phones,
711 1556 928 1603 exteriora
956 1569 1167 1603 tutantur.

568 1632 619 1678 In
644 1630 814 1691 Cydoniis
830 1632 956 1689 malis,
983 1633 1099 1675 circa
1114 1625 1368 1676 secundinas
1405 1625 1589 1675 crassum
1621 1633 1669 1677 δε
1696 1628 1931 1679 mucosum
1945 1632 2181 1686 obducitur
2193 1656 2293 1688 cor-

498 1720 596 1769 puS,
622 1702 744 1771 quod
760 1700 882 1769 quafi
896 1699 1191 1749 terebinthina
1203 1701 1412 1762 nectitur,
1441 1699 1621 1767 &aqua
1646 1698 1846 1765 solvitur,
1870 1703 1989 1754 unde
2002 1709 2296 1779 mucilagines

499 1775 751 1823 eliciuntur.

566 1848 706 1897 Aliud
736 1847 912 1918 insuper
943 1848 1098 1899 mirari
1126 1849 1231 1899 licet
1256 1851 1305 1895 in
1331 1847 1685 1896 Secundinarum
1713 1847 1955 1918 indagine3
1989 1870 2098 1906 nam
2130 1858 2179 1906 in
2189 1858 2300 1927 plae-

501 1921 660 1991 risque,
694 1940 744 1972 ut
770 1929 817 1972 in
830 1929 916 1989 piro
951 1929 999 1972 δι’,
1020 1939 1149 1990 pomo,
1183 1923 1328 1972 hiatus
1357 1925 1551 1989 aperitur
1575 1923 1750 1972 arstiori
1765 1926 1814 1971 in
1827 1929 2077 1993 cacumine,
2109 1929 2187 1980 ubi
2214 1932 2299 1983 sci-

500 1996 604 2045 licet
633 1996 829 2064 plantuls³
855 2014 991 2045 conus
1019 1998 1190 2060 latitat;
1227 2001 1275 2045 in
1303 1995 1400 2044 aliis
1415 1996 1526 2044 vero
1552 1993 1739 2044 fenestra
1779 2003 1972 2047 occurrit
1999 2008 2169 2068 patenti
2193 2024 2302 2060 cum

501 2069 625 2118 hiatu
651 2086 661 2115 :
700 2071 793 2123 Hec
823 2065 1131 2115 manifestatur
1161 2063 1316 2132 primo
1343 2068 1392 2113 in
1414 2063 1580 2132 faseolis
1610 2085 1731 2136 3073
1766 2087 1876 2119 nam
1901 2072 1927 2121 ὲ
1953 2072 2094 2125 latere
2116 2074 2302 2134 fenestra

502 2140 627 2211 quafi
650 2144 695 2189 in
715 2142 847 2210 nigro
871 2138 995 2188 scuto
1009 2141 1238 2207 aperitur3
1274 2139 1398 2188 extra
1427 2141 1552 2187 enim
1568 2143 1757 2205 eminet,
1789 2150 1959 2212 aggeris
1974 2147 2129 2214 instar,
2153 2155 2300 2206 ovalis

507 2214 748 2265 substantia
760 2222 812 2279 A,
846 2216 916 2263 cui
934 2211 1141 2276 succedit,
1172 2211 1296 2282 quafi
1310 2209 1459 2277 fovea,
1489 2217 1747 2265 concavitas
1759 2217 1967 2284 quaedam
1980 2222 2039 2285 Β,
2073 2239 2303 2280 tumorem

502 2291 724 2354 ambiens,
761 2292 806 2337 in
826 2307 919 2358 quo
941 2288 1066 2336 hians
1080 2284 1267 2337 fenestra
1300 2290 1333 2336 C
1357 2291 1420 2337 ita
1445 2304 1569 2356 patet
1585 2292 1779 2357 geminis
1801 2292 1989 2342 diductis
2015 2295 2144 2348 labiis
2157 2303 2220 2366 D,
2254 2322 2304 2356 ut

502 2364 685 2435 subjecti
714 2364 890 2416 utriculi
920 2366 1071 2412 inanes
1086 2378 1337 2431 emergant,
1370 2365 1450 2430 qui
1467 2361 1631 2411 inserto
1655 2363 1773 2413 olim
1791 2366 1965 2433 petiolo
1975 2374 2300 2425 continuaban-

504 2456 591 2488 tur.
659 2440 733 2487 Ab
759 2440 961 2487 exteriori
991 2434 1219 2485 ambiente
1244 2433 1475 2485 substantia
1504 2435 1740 2504 elongatur
1774 2439 1998 2505 appendix
2041 2442 2303 2511 styliformis

506 2516 560 2575 E,
595 2509 673 2559 sub
694 2527 787 2579 qua
818 2510 1020 2559 conditus
1044 2508 1238 2577 plantuleg²
1263 2527 1399 2558 conus
1420 2513 1640 2573 excurrit,
1675 2512 1799 2578 cujus
1834 2518 2091 2565 extremitas
2120 2523 2302 2573 interius

505 2586 722 2646 utriculis,
758 2583 835 2633 sub
858 2582 1045 2633 fenestra
1071 2581 1226 2633 locatis
1254 2585 1304 2647 F,
1336 2583 1475 2633 veluti
1507 2586 1672 2652 vagina
1701 2583 1958 2636 custoditur.
2027 2594 2078 2638 In
2109 2594 2303 2644 Ciceribus

507 2667 598 2732 308
632 2661 795 2711 eadem
819 2664 1013 2728 aperitur
1041 2655 1300 2709 fenestella:
1339 2662 1610 2710 Acuminata
1639 2656 1809 2708 eminet
1838 2665 1989 2728 portio
2019 2670 2080 2728 A,
2104 2666 2305 2734 plantulg

509 2741 718 2788 conicam
744 2735 945 2785 radicem
959 2731 1222 2797 custodiens,
1256 2731 1437 2782 inferius
1465 2734 1609 2784 ovalis
1625 2735 1878 2784 concavitas
1895 2736 2222 2807 Dobservatur,
2256 2747 2305 2794 in

510 2816 634 2880 cujus
662 2808 819 2860 medio
845 2807 1015 2858 scissura
1031 2806 1170 2857 veluti
1195 2811 1313 2858 resta
1327 2807 1447 2857 linea
1476 2810 1509 2856 C
1518 2810 1739 2877 aperitur3
1771 2812 1963 2859 exterior
1984 2812 2186 2864 ambiens
2200 2835 2306 2884 por-

512 2891 579 2936 tio
609 2889 669 2949 D,
706 2887 877 2953 aggeris
894 2880 1043 2947 instar,
1078 2884 1248 2930 eminet
1271 2882 1468 2931 utriculis
1494 2884 1703 2946 excitata,
1740 2884 1765 2933 a
1794 2900 1884 2952 qua
1904 2886 2068 2954 pendet
2092 2886 2304 2959 elongata

512 2958 675 3011 fibrosa
692 2958 918 3029 appendix
928 2961 979 3008 E.
1048 2960 1097 3006 In
1113 2959 1304 3007 Cicercula
1338 2976 1428 3024 309
1451 2956 1610 3005 eadem
1635 2956 1822 3008 fenestra
1849 2976 1989 3027 patet,
2016 2961 2214 3033 oblonga
2227 2985 2306 3016 ex-

513 3036 646 3085 citata
674 3032 841 3083 scissura
855 3038 907 3098 A,
940 3049 1036 3099 quae
1061 3034 1247 3100 gemino
1262 3030 1387 3099 quasi
1410 3030 1534 3079 labio
1545 3032 1822 3098 parallelosB
1846 3033 2056 3085 ambitur.
2123 3042 2306 3089 Conca-

516 3113 647 3173 vitas,
671 3108 727 3158 de
753 3125 900 3170 more,
934 3105 1056 3155 ovali
1083 3123 1244 3173 aggere
1269 3109 1301 3154 C
1328 3105 1657 3167 circumdatur,
1706 3105 1807 3155 huic
1830 3110 2114 3157 continuatur
2139 3114 2306 3180 vagina

514 3185 574 3244 D,
605 3182 803 3251 plantule
837 3198 1008 3231 conum
1041 3178 1304 3229 custodiens
1374 3182 1424 3226 In
1468 3181 1635 3245 lupinis,
1686 3180 1782 3228 lente
1820 3187 1867 3230 &
1897 3185 1998 3230 vicia
2035 3181 2156 3231 idem
2183 3200 2307 3252 patet

516 3254 655 3304 hiatus
686 3275 803 3323 3¹03
838 3253 1035 3322 oblonga
1061 3270 1220 3321 namq3
1268 3251 1557 3320 protuberans
1573 3248 1807 3302 substantia
1831 3258 1892 3315 A,
1927 3251 2114 3304 foveam
2147 3255 2305 3318 ambit,

521 3331 644 3392 cujus
669 3329 1001 3396 longitudinem
1029 3324 1196 3377 scissura
1213 3329 1254 3375 ,ΓΒ
1285 3326 1507 3394 pervadit,
1541 3325 1643 3374 hinc
1672 3326 1776 3374 inde
1798 3326 2127 3395 emergentibus
2155 3326 2305 3395 paral-

521 3399 618 3448 lelis
644 3399 769 3448 labiis
787 3407 831 3451 C.
901 3406 950 3450 In
974 3403 1088 3450 Fabis
1112 3420 1219 3469 311,
1254 3400 1331 3449 ubi
1356 3400 1547 3469 petiolus
1574 3405 1612 3450 A
1629 3396 1788 3450 semini
1815 3404 2005 3450 nec‘titur
2022 3442 2035 3464 ,
2070 3404 2115 3447 in
2147 3399 2302 3448 secun-

520 3473 632 3523 dinis
660 3475 847 3522 exterius
867 3480 1124 3526 concavitas
1151 3479 1192 3526 ΓΒ
1218 3493 1465 3526 excavatur
1484 3517 1498 3539 ,
1539 3477 1660 3541 cujus
1689 3476 2019 3544 longitudinem
2055 3469 2225 3520 scissura
2258 3475 2304 3535 C,

2215 3545 2303 3594 alte
