2600 3952
897 177 1210 245 QAnatome
1235 171 1578 243 Plancarum.

327 295 568 347 involucro
582 301 627 363 C,
642 302 688 347 in
702 313 792 366 quo
808 300 973 362 exiguae
990 296 1244 360 aperiuntur
1264 296 1466 359 tracheae,
1493 312 1636 346 novus
1648 297 1993 347 circumducitur
2016 299 2096 344 cir-

326 370 468 434 culus,
501 378 548 422 &
562 372 684 440 quafi
700 372 901 438 ligneum
915 367 1204 414 involucrum
1216 370 1277 429 D,
1290 369 1420 418 latius
1435 375 1590 436 priori,
1605 372 1726 439 quod
1741 368 1958 420 fibrarum
1974 369 2013 419 fa
2021 370 2097 419 sci*

324 444 433 493 culis
465 448 767 512 componitur,
796 445 841 490 in
855 437 1013 507 quibus
1042 438 1324 487 trachearum
1339 447 1471 489 oraE
1495 446 1644 491 versus
1658 447 1866 494 interiora
1895 447 2098 512 aperiun-

324 533 394 565 tur
409 549 421 584 3
454 516 678 565 nonnullis
692 518 831 563 etiam
843 513 1060 572 minimis,
1075 512 1262 560 exterius
1276 513 1622 579 emergentibus,
1654 517 1856 566 medulla
1873 519 1910 565 F
1937 521 2097 567 utricu-

323 587 376 637 lis
388 589 604 649 constans,
621 587 767 636 latam
783 585 1078 654 appendicem
1107 586 1145 632 G
1159 603 1282 634 extra
1297 588 1514 634 corticem
1526 585 1675 648 habet,
1703 605 1798 653 quae
1824 595 2096 659 erumpentis

322 666 437 712 rami
455 679 632 711 exortus
648 661 724 710 est.
790 658 1027 728 Appendix
1048 658 1350 707 meridionalis
1366 661 1427 708 H
1443 661 1592 708 minor
1609 659 1781 708 reddita
1809 662 2067 730 conspicitur
2084 701 2094 728 ς

321 734 561 798 orientaliS,
576 736 679 784 licet
692 737 873 798 arctior,
899 730 1041 782 adhuc
1065 731 1316 801 elongatur.

386 809 591 859 Succedit
618 810 809 859 duorum
841 823 1065 857 annorum
1092 826 1197 857 cum
1226 807 1416 856 dimidio
1443 806 1718 876 segmentum
1735 802 1826 858 fere
1851 810 2096 860 rotundum

321 901 342 950 3
357 901 377 947 5
384 923 398 946 ,
415 881 541 950 hujus
555 901 705 934 cortex
722 882 795 933 sex
820 880 1035 931 fibrarum
1063 881 1290 932 ordinibus
1305 887 1354 946 A,
1385 888 1433 931 &.
1451 882 1727 951 quandoque
1754 881 1954 950 pluribus
1971 901 2096 932 com-

315 959 518 1025 ponitur3
539 960 728 1027 geminis
744 955 1063 1025 antiquioribus
1078 957 1322 1007 involucris
1344 957 1383 1004 93
1402 957 1433 1003 C
1454 975 1631 1006 novum
1647 958 1897 1007 extenditur
1927 957 2095 1007 addita-

315 1047 520 1081 mentum
534 1036 594 1095 D,
621 1035 667 1081 in
682 1035 803 1100 cujus
828 1032 979 1099 ligneis
1008 1027 1220 1080 fasciculis
1250 1030 1532 1081 trachearum
1555 1029 1741 1100 insignes
1779 1031 1922 1079 hiatus
1938 1037 1976 1082 E
1990 1051 2095 1100 ape-

313 1106 510 1173 riuntur3
542 1106 744 1155 medulla
756 1107 850 1154 F&
867 1103 955 1172 ipsa
973 1103 1114 1153 adhuc
1129 1103 1396 1172 appendices
1412 1104 1573 1168 servat,
1599 1123 1791 1174 quarum
1808 1105 2096 1155 occidentalis

317 1181 355 1225 G
372 1182 602 1247 procerior
614 1180 692 1244 est,
706 1178 1010 1228 meridionalis
1025 1195 1177 1228 tamen
1197 1180 1256 1228 H
1261 1180 1425 1242 minor,
1436 1196 1534 1246 pars
1546 1182 1657 1229 vero
1672 1177 1873 1247 opposita
1885 1182 1910 1226 I
1918 1179 2095 1246 geminii

313 1270 578 1321 erumpente
601 1254 844 1321 appendice
859 1251 1134 1322 protuberat.

379 1326 658 1378 Postremum
671 1325 948 1395 segmentum
963 1330 1009 1374 in
1023 1325 1188 1375 eodem
1204 1344 1333 1375 ramo
1342 1328 1585 1374 excitatum
1599 1343 1819 1374 annorum
1835 1328 1972 1374 trium
1988 1344 2092 1373 cum

310 1397 500 1448 dimidio
520 1402 580 1468 36
598 1401 791 1450 eandem
803 1396 945 1449 servat
960 1397 1411 1467 circumscriptionem
1430 1418 1440 1446 :
1459 1403 1566 1466 Ejus
1583 1416 1733 1448 cortex
1748 1403 1853 1447 octo
1874 1397 2093 1448 fibrarum

312 1472 552 1536 ordinibuS,
577 1480 624 1523 δε
658 1477 798 1523 etiam
830 1472 1028 1540 pluribus
1044 1472 1303 1540 interpositis
1335 1473 1536 1521 utriculis
1551 1473 1732 1520 constat.
1800 1475 1933 1540 Ligni
1954 1472 2095 1538 cylin-

310 1544 412 1592 drus
426 1562 620 1613 quatuor
632 1547 870 1594 involucris
882 1544 965 1591 sese
1001 1544 1299 1592 ambientibus
1316 1546 1488 1593 co'nstat
1506 1551 1542 1595 A
1557 1547 1596 1592 (B
1612 1549 1643 1593 C
1657 1549 1726 1613 Ἐς
1760 1545 1990 1613 postremo
2018 1546 2093 1593 ad-

308 1614 422 1664 ditus
436 1619 619 1666 circulus
634 1617 845 1685 ampliori
862 1616 1036 1664 constat
1050 1616 1245 1678 crassitie,
1262 1622 1309 1663 &
1327 1616 1454 1682 hujus
1479 1618 1758 1666 trachearum
1773 1635 1851 1665 ora
1871 1624 1908 1667 E
1924 1636 2009 1683 prae
2030 1639 2094 1675 cq-

306 1693 408 1738 teris
425 1691 648 1759 ampliora
661 1690 768 1740 sunt.
837 1693 952 1738 Inter
966 1689 1137 1756 ligneos
1152 1685 1380 1737 fasciculos
1395 1707 1631 1740 occurrunt
1644 1690 1940 1738 utriculorum
1956 1693 2096 1740 trans-

307 1762 550 1814 versalium
565 1763 739 1812 ordines
755 1765 802 1825 F,
827 1765 903 1831 qui
928 1779 1023 1810 non
1039 1762 1256 1830 perpetuo
1289 1764 1489 1810 continui
1515 1763 1610 1811 sunt
1636 1765 1661 1812 a
1678 1766 1841 1813 cortice
1869 1765 1913 1810 in
1926 1764 2098 1812 medul-

307 1838 420 1899 lam,
435 1835 507 1886 sed
519 1839 628 1886 novi
657 1835 936 1885 suboriuntur
953 1835 1131 1884 ordines
1150 1853 1161 1881 :
1200 1839 1316 1883 Inter
1343 1833 1561 1885 fibrarum
1579 1832 1818 1900 fasciculos,
1833 1838 2097 1906 appendices

308 1913 347 1959 G
372 1910 579 1980 quaedam
602 1908 907 1973 observantur,
935 1924 1035 1976 quae
1055 1908 1356 1958 utriculorum
1384 1907 1743 1959 transversalium
1764 1914 1992 1978 portiones
2022 1930 2096 1959 ex-

306 2000 415 2034 tant.
482 1984 690 2034 Medulla
705 1987 764 2036 H
769 1986 932 2033 :tritior
945 1982 1116 2032 reddita
1148 1982 1290 2032 adhuc
1306 1983 1576 2051 appendices
1590 1987 1771 2052 promit.
1841 1987 1892 2032 In
1921 1983 2100 2051 reliquis

308 2056 670 2126 subsequentibus
687 2055 916 2124 segmentis
932 2056 1125 2104 eandem
1141 2053 1312 2104 servare
1340 2056 1515 2104 videtur
1528 2060 1708 2104 Natura
1736 2058 2096 2123 proportionem,

307 2132 371 2179 ita
384 2148 432 2180 ut
448 2129 622 2199 singulo
648 2149 770 2180 anno
786 2147 928 2179 novus
940 2144 1140 2196 emergat
1153 2128 1323 2196 ligneus
1341 2127 1538 2175 circuluS.
1595 2127 1883 2176 Consimilem
1904 2128 2095 2193 speciem

309 2203 520 2254 exhibent
534 2203 755 2273 segmenta
781 2203 939 2272 quernis
954 2209 1001 2250 &
1015 2201 1226 2249 similium
1246 2232 1257 2267 3
1284 2200 1401 2247 unde
1417 2200 1573 2248 conclu
1582 2200 1683 2248 dere
1697 2199 1938 2268 possumus,
1973 2218 2095 2249 trun-

308 2291 400 2339 005,
413 2286 460 2328 &
478 2295 624 2326 ramos
638 2277 742 2325 inde
751 2291 1042 2344 emergentes,
1065 2274 1234 2341 singulo
1246 2292 1363 2322 anno
1377 2273 1733 2322 additamentum
1745 2273 1954 2340 recipere,
1970 2292 2093 2324 novo

306 2347 456 2400 addito
469 2351 655 2398 exterius
666 2348 882 2399 fibrarum
896 2354 943 2397 &
958 2346 1235 2395 trachearum
1250 2345 1500 2394 involucro,

374 2427 478 2474 Pari
496 2427 773 2474 incremento
785 2420 988 2491 procedit
1001 2422 1179 2469 Natura
1193 2422 1238 2466 in
1273 2419 1416 2491 Ossium
1430 2436 1686 2487 augmento.
1754 2420 1899 2470 Foetfis
1915 2420 2020 2486 ossa,
2048 2430 2095 2472 &

307 2500 513 2548 cranium
528 2497 760 2566 praecipue,
774 2495 1117 2546 filamentorum
1129 2492 1403 2562 progressum
1416 2493 1623 2543 exhibent
1639 2526 1651 2561 3
1685 2493 1778 2542 haec
1793 2513 1884 2543 non
1901 2499 2092 2545 omnino

310 2569 388 2620 fibi
400 2571 620 2641 parallela
635 2568 730 2619 sunt
746 2611 758 2632 ,
793 2576 840 2619 &
856 2569 960 2618 hinc
990 2569 1090 2617 inde
1121 2567 1277 2617 breves
1309 2566 1629 2635 appendiculas
1656 2565 1959 2618 filamentosas
1990 2587 2094 2636 pro-

312 2662 459 2708 munt,
486 2644 643 2713 quibus
674 2647 874 2692 invicem
897 2638 1124 2710 colligata,
1148 2659 1238 2690 rete
1268 2637 1508 2689 efformant
1533 2658 1693 2708 parum
1710 2641 1734 2689 a
1749 2642 1835 2690 libri
1855 2659 2012 2690 natura
2032 2644 2097 2691 di-

311 2717 428 2767 stans
444 2760 457 2782 ,
476 2722 598 2785 cujus
621 2721 818 2785 potiores
844 2733 953 2765 ateae
980 2723 1028 2766 ἃς
1052 2732 1148 2763 tota
1168 2713 1385 2764 fibrarum
1414 2731 1656 2782 compages
1705 2712 1950 2766 exsudante
1979 2715 2097 2765 oss'eo

313 2786 443 2837 succo
466 2786 661 2856 repletur
682 2829 695 2851 ,
720 2795 767 2837 δι
793 2803 964 2837 tumet:
1001 2789 1249 2837 Succeffivis
1279 2789 1559 2838 incrementis
1585 2805 1705 2837 nova
1729 2787 1939 2838 fibrarum
1964 2790 2097 2857 plana

313 2858 720 2928 superinducuntur,
733 2874 817 2925 quq
833 2861 1120 2928 praeexistenti
1149 2859 1344 2909 lamellae
1379 2857 1500 2910 osseo
1517 2860 1796 2928 agglutinata
1812 2862 1954 2926 succo,
1973 2862 2096 2912 debi-

314 2953 409 2986 tam
421 2936 599 2986 molem
616 2939 662 2984 &
678 2933 943 2984 firmitatem
971 2940 1180 2984 excitant.
1248 2939 1408 2983 Patent
1438 2950 1587 2983 autem
1616 2933 1784 3007 singula
1803 2935 1955 3003 plana,
1982 2934 2095 2984 reso-

315 3009 486 3060 lutione
501 3006 612 3057 fasta
637 3026 716 3076 per
743 3007 927 3075 longam
949 3009 1105 3056 ossium
1131 3010 1506 3068 macerationem,-
1544 3012 1719 3077 integrae
1744 3026 1941 3075 namque
1972 3009 2095 3059 osseae

317 3083 571 3134 reticulare's
582 3080 771 3131 bracteae
783 3081 1051 3129 evelluntur:
1070 3084 1120 3128 In
1137 3080 1243 3128 abor
1251 3079 1364 3127 tibus
1374 3080 1550 3142 vero,in
1560 3086 1713 3131 cranio
1728 3083 1987 3132 inchoatum
2004 3101 2096 3134 rete

318 3156 545 3205 evidenter
573 3152 849 3224 conspicitur.
916 3157 1102 3203 Dentium
1125 3155 1283 3221 pariter
1311 3170 1548 3221 compages
1574 3154 1645 3204 hic
1673 3175 1766 3204 non
1808 3176 1969 3225 parum
1991 3158 2100 3207 lucis

319 3228 444 3280 affert
452 3260 465 3292 ‚-
498 3229 662 3280 horum
674 3229 885 3278 strustura
900 3245 985 3295 prae
1001 3232 1160 3277 caeteris
1175 3228 1323 3276 minus
1339 3226 1522 3277 obscura
1536 3228 1597 3278 est
1613 3233 1659 3278 in
1674 3232 2019 3299 quadrupedum
2036 3252 2101 3283 te„

318 3304 443 3355 nellis
459 3305 673 3367 dentibus,
689 3310 737 3353 &
752 3303 965 3372 praecipue
979 3302 1209 3365 vitellinis,
1239 3307 1286 3351 in
1300 3299 1484 3370 pistibus
1500 3308 1679 3370 pariter,
1707 3313 1754 3354 &
1770 3308 1817 3354 in
1833 3307 2104 3356 animalium

321 3378 567 3429 arboribus,
638 3378 819 3445 Duplici
844 3381 1088 3425 excitantur
1117 3394 1256 3444 parte,
1290 3393 1484 3444 quarum
1502 3379 1684 3428 interior
1707 3377 1821 3428 ossea
1854 3380 2038 3430 lamella
2054 3379 2106 3429 fi-

320 3454 453 3505 brosis
466 3459 513 3502 &
533 3450 654 3521 quasi
667 3450 902 3500 tendinosis
937 3450 1286 3518 capillamentis,
1322 3451 1367 3495 in
1381 3465 1589 3500 naturam
1616 3455 1714 3501 retis
1731 3454 1972 3521 implicitis,
1996 3473 2103 3502 con-

321 3528 429 3590 stat,-
462 3527 564 3576 huic
593 3523 963 3595 superextenditur
990 3524 1185 3572 alterum
1216 3521 1505 3573 involucrum
1528 3525 1660 3576 valde
1689 3528 1901 3594 crassum3
1937 3528 2059 3595 quod
2074 3534 2099 3576 a

2011 3619 2098 3669 prl-

2203 201 2263 261 ¹9
