2600 3952
777 185 1111 252 QAnatomes
1136 179 1473 247 Plantamm
1494 181 1698 273 Idem,

337 304 601 372 appendices
618 346 632 369 ,
660 323 756 374 quae
783 308 829 351 in
855 305 1176 369 germinatione
1199 302 1357 352 stabile
1385 302 1550 352 folium
1574 302 1868 364 constituunt,
1896 318 2120 353 attenuata

337 382 508 431 veroin
523 382 779 450 pediculum
807 377 973 425 stabilis
986 373 1084 425 folii
1109 374 1328 425 facessunt.
1377 381 1558 448 Singula
1580 382 1716 430 tabulis
1735 398 1976 449 exponam.
2022 382 2070 428 T
2071 398 2116 427 e-

336 455 481 504 nellus
491 455 679 504 surculus
707 459 755 501 &
779 449 889 499 folia
901 448 1043 518 fungis
1071 456 1119 499 &
1136 449 1316 519 papillis
1328 469 1555 515 ornantur,
1580 456 1605 502 ὲ
1621 472 1811 523 quarum
1821 450 2044 523 perforato
2070 459 2118 501 &

335 543 535 578 concavo
555 525 750 593 capitulo
769 524 1017 573 terebinthina
1042 520 1266 591 fimditur3
1301 522 1434 591 spinae
1458 541 1641 593 quoque
1656 569 1669 590 ,
1700 537 1747 578 δι
1769 529 1935 598 lanugo
1960 524 2117 576 afoliis

333 602 543 669 pendent,
556 596 789 665 variosque
800 595 969 645 colores
982 596 1206 646 exhibent.

396 672 472 722 Ab
494 672 707 740 elongato
734 675 865 740 igitur
891 669 1062 720 tenello
1090 669 1262 719 surculo
1287 670 1482 739 pendent
1512 672 1619 720 Folia
1635 712 1648 734 ,
1677 689 1771 719 non
1783 670 2016 725 insertione
2041 673 2114 725 seu

330 745 636 795 articulatione
651 745 816 810 media,
837 744 913 794 vel
927 744 1214 807 radicatione,
1231 761 1280 792 ut
1293 744 1390 792 aliis
1404 744 1569 812 placet,
1581 742 1654 792 sed
1666 748 1933 794 continuatis
1958 746 2113 798 surculi

327 818 526 886 partibus
542 820 598 869 ad
613 835 736 869 extra
760 819 981 868 derivatis.
1049 821 1098 866 In
1118 824 1198 868 vite
1211 818 1460 867 evidentius
1484 817 1569 865 hoc
1584 834 1704 886 patet
1719 850 1731 885 3
1764 836 1820 867 ex
1836 818 1974 868 altero
1991 825 2115 870 enim

328 893 437 941 nodi
462 893 598 942 latere
619 897 724 942 οᾶὶο
754 889 962 961 disparati
983 887 1174 940 fasciculi
1201 890 1278 940 sub
1303 888 1582 939 semicirculo
1613 889 1775 954 situati,
1807 891 1833 938 a
1850 891 1998 960 lignea
2009 912 2115 961 por-

326 969 728 1036 tioneerumpunt,
761 974 809 1016 &
837 964 992 1015 sensim
1016 964 1241 1015 recollecti
1267 968 1313 1012 in
1335 963 1549 1032 insignem
1579 962 1853 1027 fasciculum,
1880 963 1977 1016 folii
1991 967 2116 1035 pedi-

324 1039 479 1090 culum
501 1040 799 1109 constituunt3
833 1039 988 1109 finguli
1013 1039 1120 1090 vero
1147 1034 1338 1087 fasciculi
1364 1036 1521 1106 ligneis
1546 1037 1750 1086 constant
1774 1036 1910 1101 fibris,
1938 1038 2116 1108 spitales

323 1112 488 1164 fistulas
497 1114 817 1181 ambientibu83
851 1120 901 1163 &
926 1113 1132 1162 unacum
1151 1110 1248 1180 ipsis
1261 1110 1561 1180 producuntur
1587 1110 1706 1159 fibrae
1731 1114 1898 1178 pariter
1914 1112 2117 1160 acortice

324 1186 520 1238 deduCtae
540 1207 551 1236 τ
588 1187 837 1256 Reliquum
848 1186 958 1235 vero
972 1184 1182 1247 ambitUS,
1193 1188 1368 1234 corticis
1381 1183 1577 1233 utriculis
1600 1182 1895 1247 constituitur,
1920 1189 2115 1252 quicum

323 1266 529 1311 exteriori
553 1266 717 1311 cortice
750 1262 1129 1309 communionem
1156 1256 1334 1307 habent.
1401 1256 1700 1306 Consimilem
1737 1250 1999 1307 structuram
2028 1262 2116 1307 mi-

322 1339 409 1383 rari
434 1334 538 1384 licet
565 1340 612 1384 in
626 1334 821 1404 foeniculo,
844 1334 1020 1403 hrassim,
1043 1340 1090 1383 &
1117 1331 1248 1382 fimil.
1292 1334 1480 1385 Variam
1505 1329 1961 1400 circumscriptionem
1983 1337 2031 1381 in
2047 1335 2116 1382 di-

319 1407 450 1456 versis
460 1408 623 1476 plantis
636 1406 872 1457 sortiuntur
888 1405 995 1457 folia
1010 1439 1022 1475 3
1055 1405 1298 1475 peculiares
1310 1422 1464 1454 tamen
1478 1405 1661 1470 formas,
1678 1407 1897 1474 praecipue
1910 1407 2116 1478 cupessas,

320 1483 449 1529 icone
463 1480 701 1530 illustrabo.
767 1484 876 1529 Haec
887 1484 935 1529 in
946 1480 1122 1548 singulis
1151 1479 1313 1545 plantis
1332 1480 1512 1526 extensa
1526 1478 1698 1545 pollent
1714 1483 1886 1527 corticis
1917 1478 2113 1528 substan-

320 1554 399 1615 tia,
421 1571 519 1621 quae
550 1554 708 1621 ligneis
739 1553 860 1600 fibris
876 1554 1122 1601 &tracheis
1138 1554 1353 1616 irrigatur.
1398 1549 1671 1599 Enascuntur
1688 1555 1735 1598 in
1752 1551 2020 1619 quibusdam
2045 1571 2115 1601 ar-

318 1618 496 1668 boribus
513 1625 561 1668 in
593 1619 718 1668 nodo
731 1617 971 1680 hincinde,
999 1621 1046 1664 in
1070 1615 1250 1684 reliquis
1270 1617 1381 1665 vero
1395 1616 1649 1665 alternatim
1678 1636 1862 1666 unicum
1889 1624 2115 1686 promitur

316 1688 496 1757 folium,
524 1692 599 1744 vel
623 1692 730 1757 alia,
749 1690 1032 1761 exponenda,
1054 1688 1302 1758 methodo3
1336 1693 1511 1739 corticis
1538 1694 1712 1740 etenim
1727 1695 1895 1760 portio,
1911 1696 1959 1739 in
1972 1693 2115 1759 cylin-

316 1767 451 1816 drum
459 1772 697 1829 coarctata,
705 1766 956 1816 derivatam
970 1764 1224 1833 lignearum
1236 1762 1454 1814 fibrarum
1470 1768 1749 1833 portionem,
1779 1769 1901 1833 cujus
1913 1765 2118 1816 medium

317 1841 501 1891 tracheae
524 1859 742 1910 occupant
755 1881 770 1904 ,
799 1838 895 1889 folii
923 1839 1184 1909 pediculum
1208 1844 1255 1887 in
1275 1839 1475 1907 pluribus
1495 1839 1724 1889 arboribus
1753 1840 1901 1905 efficit,
1929 1845 2007 1910 qui
2038 1842 2115 1891 de-

316 1914 421 1964 inde
434 1914 662 1980 dilatatur,
687 1920 736 1964 &
763 1913 986 1964 hincinde
1000 1914 1026 1963 ὲ
1037 1909 1258 1977 fasciculo,
1270 1912 1343 1962 seu
1363 1912 1546 1977 costula,
1560 1932 1637 1982 per
1654 1914 1844 1983 longum
1856 1912 1951 1964 folii
1966 1935 2118 1965 excur-

314 2008 458 2055 rente,
469 1989 617 2042 divifis
631 1998 681 2043 δι
693 1991 919 2060 productis
942 1988 1082 2053 fibris,
1111 1996 1161 2040 δι
1175 1989 1375 2054 tracheis,
1395 1988 1447 2039 fit
1461 2007 1556 2038 rete
1570 2009 1626 2039 ex
1646 2008 1805 2040 mutua
1820 1991 2087 2042 anastomosi
2102 2039 2118 2061 ,

318 2067 423 2112 utin
440 2063 687 2133 sanguineis
696 2065 807 2114 vasis
826 2064 1013 2131 accidit;
1047 2062 1184 2132 spatia
1198 2066 1309 2114 vero
1326 2063 1526 2132 appensis
1561 2064 1756 2114 utriculis
1767 2064 2011 2133 replentur,
2038 2075 2117 2135 qui

317 2139 441 2188 varia
451 2138 626 2206 pollent
638 2136 777 2206 figura
805 2141 852 2186 in
865 2136 1042 2187 diversis
1058 2135 1196 2202 foliis,
1225 2142 1277 2186 &
1288 2137 1476 2186 tandem
1489 2136 1719 2185 ambiente
1750 2138 1954 2199 cuticula,
1982 2139 2116 2187 valde

318 2215 460 2274 tenui,
483 2211 574 2260 haec
611 2211 861 2278 placentula
884 2210 1139 2272 custoditur,
1159 2213 1186 2258 a
1203 2227 1294 2276 qua
1325 2213 1526 2257 minimae
1550 2209 1681 2275 spinae
1700 2209 1865 2275 lanugo
1881 2249 1895 2271 ,
1920 2209 1991 2258 seu
2007 2212 2115 2277 pili,

319 2281 460 2350 fimgi,
481 2290 530 2331 δι
545 2284 792 2331 consimilia
805 2282 1074 2329 delineanda
1088 2298 1347 2346 erumpunt.
1382 2280 1612 2328 Foliorum
1635 2284 1892 2328 extremitas
1906 2279 2114 2333 fasciculo

317 2352 481 2403 fibroso
495 2352 709 2416 ambitur,
731 2357 811 2418 qui
826 2356 874 2400 in
897 2355 1022 2419 apice
1034 2351 1314 2399 denticulatae
1330 2347 1545 2398 foliorum
1572 2355 1707 2419 partis
1721 2370 1885 2420 parum
1902 2356 2111 2421 protube-

316 2445 434 2492 ranS,
450 2425 715 2496 papillarem
724 2424 1023 2494 appendicem
1038 2421 1264 2487 efformat,
1283 2440 1381 2491 quae
1397 2426 1444 2472 in
1458 2424 1630 2474 tenellis
1648 2425 1998 2476 terebinthinam
2012 2425 2112 2479 fun-

315 2503 400 2572 dit3
413 2502 558 2552 aestate
570 2502 681 2552 vero
695 2500 883 2552 sicceffit.
951 2505 1000 2550 In
1015 2499 1282 2570 quibusdam
1291 2499 1394 2549 oleo
1406 2496 1568 2550 refertae
1582 2500 1780 2551 veficulae
1807 2500 2111 2558 observantur.

317 2582 437 2628 Inter
450 2578 664 2648 expositas
677 2575 775 2629 folii
787 2577 949 2627 fistulas
976 2574 1226 2628 laetiferum
1240 2575 1470 2626 vasculum
1487 2576 1675 2641 locatur,
1699 2579 1825 2646 quod
1842 2583 1889 2627 in
1908 2601 2028 2646 moro,
2047 2585 2108 2650 fi-

317 2671 386 2714 cu,
400 2659 487 2709 &c.
519 2669 660 2720 patet,
695 2654 802 2701 &in
821 2650 1002 2720 reliquis
1029 2650 1139 2719 quid
1166 2649 1408 2718 analogum
1430 2650 1585 2700 aderit.
1654 2651 1879 2700 Decidunt
1894 2651 2001 2703 folia
2019 2651 2110 2704 fere

317 2726 345 2774 a
357 2724 534 2794 singulis
545 2725 775 2775 arboribus
790 2730 838 2774 &
852 2724 1093 2787 herbaceis,
1120 2723 1274 2773 nostris
1287 2720 1401 2773 hisce
1426 2723 1697 2793 regionibus,
1723 2742 1943 2774 autumno
1955 2732 2107 2796 praeci-

318 2799 423 2868 pue,
435 2815 640 2867 corrupta
646 2796 733 2865 ftil.
749 2797 941 2866 pediculi
951 2801 1157 2867 portione
1171 2815 1312 2866 prope
1325 2801 1624 2865 eruptionem.
1656 2801 1788 2847 Hunc
1803 2815 1953 2848 autem
1961 2802 2110 2868 prola-

319 2870 447 2941 psum
495 2873 715 2923 raecedunt
743 2872 1054 2935 utriculorum,
1077 2872 1238 2940 quibus
1255 2868 1352 2921 folii
1377 2871 1564 2921 latitudo
1588 2872 1882 2937 constituitur,
1897 2890 2107 2934 extenua-

320 2949 404 3010 tio,
414 2965 471 2995 co
488 2951 579 2996 oris
607 2950 717 2996 item
730 2950 942 3009 mutatio,
967 2945 1166 2995 humoris
1180 2948 1342 3014 pariter
1357 2950 1405 2995 in
1418 2944 1569 2995 fistulis
1596 2945 1835 3013 stagnantis
1863 2952 2105 3016 corruptio,

321 3036 377 3069 ex
385 3019 623 3069 ambientis
646 3016 758 3068 forte
782 3024 976 3089 energia,
1007 3018 1083 3069 vel
1114 3018 1267 3069 saltem
1294 3019 1550 3069 volatilium
1582 3020 1898 3087 particularum
1927 3018 2106 3090 inopiass

320 3102 372 3144 &
401 3098 464 3144 ita
478 3092 694 3143 fibrarum
722 3099 772 3142 δι
785 3093 1059 3143 trachearum
1085 3092 1252 3142 tollitur
1266 3096 1545 3142 continuitas.
1596 3096 1809 3162 Stirpium
1826 3100 1874 3143 &
1889 3093 2105 3144 similium

321 3165 448 3231 folia,
459 3168 581 3218 varie
592 3166 880 3235 configurata,
891 3168 1115 3216 dierorum
1128 3171 1366 3216 veritatem
1382 3169 1524 3234 magis
1538 3170 1753 3234 aperient,
1774 3166 1980 3217 exhibitis
1994 3169 2101 3220 stru-

320 3243 452 3290 sturis
463 3237 680 3291 foliorum
709 3245 878 3308 opuntiae,
895 3241 1106 3303 arundinis,
1118 3246 1207 3290 &c.

388 3315 602 3377 ‘Ramorum
616 3313 956 3384 productionem
968 3316 994 3363 a
1008 3317 1184 3363 Natura
1198 3312 1363 3363 institui
1378 3331 1463 3381 pro
1476 3333 1669 3365 ovorum
1693 3317 1996 3382 generatione,
2004 3334 2103 3384 pro„

321 3387 470 3437 babile
485 3421 498 3455 3
530 3406 665 3457 quare
676 3390 856 3451 florem,
881 3387 1002 3457 quasi
1015 3405 1190 3438 uterum
1202 3406 1307 3437 cum
1322 3405 1430 3450 ove,
1455 3386 1527 3437 seu
1537 3388 1705 3438 tenello
1719 3388 1845 3453 foetu,
1863 3387 1974 3438 stato
1988 3408 2100 3440 tem-

322 3479 430 3530 pore
446 3466 536 3512 aeri
566 3467 766 3530 exponit,
790 3477 840 3510 ut
851 3462 1054 3525 tandem,
1077 3465 1343 3530 emancipati
1370 3460 1453 3509 filii
1475 3460 1622 3525 instar,
1637 3468 1683 3513 in
1704 3481 1875 3513 novam
1900 3461 2101 3512 sobolem

321 3534 550 3586 excrescat.
602 3538 730 3586 Flores
759 3539 895 3605 igitur„
916 3554 1010 3586 non
1026 3535 1161 3604 longe
1186 3536 1211 3584 Ξι
1225 3553 1508 3603 gemmarum
1530 3535 1612 3586 situ
1626 3542 1826 3588 eminent
1842 3554 1980 3605 prope
2002 3534 2097 3584 folii

1942 3609 2095 3676 pedio—
