2638 3926
1067 201 1156 260 De
1184 192 1366 281 (fallis.

281 341 431 404 duffii
447 338 685 407 alimonia
708 338 1208 398 concamerationem
1225 332 1447 416 effingit:
1472 332 1607 391 unde
1618 332 1808 391 costula
1833 340 1983 395 etiam
2000 339 2076 419 ip-

278 425 326 489 {a
347 427 669 488 circumcirca
695 421 949 506 turgidior
971 419 1212 481 redditur.

362 509 406 569 F
407 506 570 569 amosi
591 511 779 590 pariter
804 504 948 565 vlmi
973 524 1221 576 tumoreS,
1242 500 1460 584 analoga
1480 499 1850 582 produfitione,
1865 505 2078 582 gignun-

278 613 376 655 tur.
459 592 521 653 ln
547 590 773 653 inferiori
791 594 923 651 en'im
947 587 1098 651 huius
1122 585 1231 644 folii
1257 586 1407 667 (13.)
1435 603 1582 666 parte
1599 584 1674 660 A,
1715 604 1776 644 ut
1799 589 1971 667 primo
1994 607 2078 644 ve-

277 701 352 753 re,
392 680 444 737 &
467 699 634 761 prope
661 674 782 757 Julii
804 675 957 732 finem
981 668 1282 742 observavi3
1323 668 1491 729 hiatus
1513 666 1563 725 B
1586 671 1826 728 minimus
1847 687 1988 751 patet
2012 691 2079 730 ex

279 779 495 822 curvata
516 760 628 820 folii
655 756 943 828 substantia,
1022 776 1098 812 uae
1117 756 1169 814 in
1191 752 1431 836 superiori
1453 772 1596 836 parte
1618 751 1727 814 folii
1751 756 1796 814 C
1823 772 2080 813 tumorem

281 846 524 927 exiguum
564 841 785 900 exhibet.
868 836 930 896 ln
971 777 1074 898 aliis
1114 857 1288 898 autem
1335 836 1689 922 grandioribus
1729 835 1956 898 veficulis
1972 889 1988 911 ,
2024 841 2081 897 ,in

281 949 448 1011 prona
466 928 648 1006 pariter
674 919 784 981 folii
807 925 1052 1006 portione
1075 923 1154 998 D,
1196 927 1327 984 circa
1354 923 1550 984 hiatum
1581 923 1654 997 E,
1690 928 1780 1005 qui
1809 920 2081 1004 triangula-

280 1015 347 1071 ris
390 1006 599 1069 efficitur
613 1029 630 1077 3
670 1004 802 1065 labia
846 1004 901 1064 F
933 1005 1274 1084 attolluntur,
1315 1006 1426 1092 pilis
1456 1007 1620 1066 hirta:
1660 1006 1850 1067 horum
1892 1006 2078 1088 aliqua,

282 1093 528 1174 temporis
562 1092 724 1150 traCtu
754 1088 923 1150 {enfim
955 1090 1307 1165 excrescentia,
1346 1090 1619 1172 angustato
1644 1090 1892 1150 foramine
1923 1091 1995 1166 G,
2030 1095 2082 1151 in

280 1175 568 1236 rotundum
589 1192 872 1235 curvantur
897 1194 1156 1235 tumorem
1178 1173 1243 1231 H
1253 1198 1269 1245 3
1311 1178 1399 1254 qui
1414 1173 1641 1255 superius
1658 1196 1881 1255 quoque,
1924 1178 1975 1234 in
1996 1198 2082 1234 ro*

283 1259 506 1320 tundum
528 1257 872 1341 conglobatur
895 1277 1155 1318 tumorem
1177 1257 1211 1316 Ι
1222 1282 1234 1316 :
1275 1258 1357 1317 hic
1379 1279 1489 1316 non
1518 1254 1720 1317 ulterius
1744 1261 1940 1340 patitur
1961 1281 2082 1340 aug-

282 1362 533 1415 mentum,
577 1343 651 1402 ob
693 1341 964 1403 siccitatem
999 1341 1207 1417 fortem,
1249 1348 1301 1402 3<
1323 1340 1503 1401 caloris
1527 1344 1867 1400 adiivitatem:
1909 1341 2084 1423 reliqui

283 1429 428 1500 vero,
469 1426 641 1487 hiante
675 1427 934 1509 praecipue
962 1448 1080 1487 vere
1107 1429 1369 1508 pro-gnati,
1410 1425 1486 1484 ita
1518 1428 1570 1484 in
1620 1429 1876 1507 ingentem
1914 1448 2082 1486 excre—

283 1512 428 1570 scunt
441 1509 663 1582 molem3
704 1527 765 1568 ut
780 1509 971 1591 parum
986 1510 1164 1570 distent
1192 1510 1223 1568 a
1240 1511 1405 1593 pugni
1430 1510 1794 1591 magnitudine.
1879 1508 1957 1570 Hi
1983 1512 2085 1592 pri-

283 1616 511 1655 maevum
546 1594 744 1653 hiatum
766 1592 826 1650 Κ
863 1590 1078 1667 servant,
1119 1597 1172 1654 in
1194 1594 1452 1654 humiliori
1472 1592 1582 1653 folii
1604 1612 1752 1674 parte
1779 1598 2082 1654 excitatum.

285 1677 539 1738 Exterius
553 1675 691 1757 gibbi
705 1674 1064 1758 sunt,pluribus
1080 1677 1480 1757 protuberantiis
1497 1677 1549 1734 L
1569 1676 1870 1736 deformati:
1894 1677 2083 1738 horum

283 1758 435 1822 color
470 1758 784 1819 rubicundus
825 1758 914 1835 est,
953 1762 1204 1821 immixtis
1239 1758 1576 1820 subviridibus
1612 1759 1881 1843 particulis
1967 1760 2087 1820 Pilis

283 1850 339 1906 &
361 1843 526 1926 fungis
547 1841 634 1902 M
648 1843 875 1905 candidis
897 1847 1280 1926 cooperiuntur.
1364 1841 1600 1926 Ipsorum
1621 1842 1891 1903 substantia
1909 1845 2088 1904 eadem

282 1926 358 1988 est
383 1950 504 1987 curn
527 1926 690 1988 folio:
731 1931 980 2011 quoniam
1010 1944 1180 1989 tamen
1213 1926 1568 2010 grandioribus
1594 1926 1791 2010 pollent
1826 1929 2086 1999 utriculis,-

285 2011 409 2072 ideo
425 2009 682 2073 crassiores
702 2011 818 2072 sunt
845 2033 1028 2072 eorum
1056 2015 1292 2094 pariete-S,
1331 2017 1384 2071 &
1408 2011 1722 2093 quandoque
1756 2010 2000 2069 foliorum
2031 2013 2088 2070 fi-

286 2095 413 2170 brae,
452 2095 755 2179 turgidiores
772 2095 1001 2171 redditae,
1041 2096 1117 2156 ita
1146 2113 1460 2168 curvantur3
1498 2114 1558 2155 ut
1579 2113 1698 2154 tota
1720 2091 1824 2153 fere
1847 2092 1958 2153 folii
1980 2093 2090 2156 lati-

286 2180 423 2241 tudo
446 2184 498 2244 in
526 2182 1026 2241 concamerationem
1051 2179 1265 2255 definat,
1305 2201 1422 2261 quae
1449 2177 1736 2238 cellularum
1758 2177 1913 2237 colon
1935 2201 2091 2240 aemu-

289 2262 439 2321 latur.
524 2262 678 2322 Intus
704 2261 1041 2325 cavernosum
1069 2262 1286 2343 spatium
1310 2265 1579 2321 innumeris
1614 2258 1753 2342 quafi
1787 2261 2091 2324 animalculis

292 2344 528 2427 repletur,
569 2366 685 2424 quae
707 2346 959 2404 interdum
981 2346 1176 2424 liquore
1196 2351 1445 2403 innatant.

377 2428 663 2509 Sanguinem·
693 2432 851 2507 virgae
874 2426 1029 2507 (14.)
1056 2424 1179 2485 folia
1200 2426 1292 2487 suis
1316 2451 1527 2511 quoque
1548 2450 1656 2488 non
1683 2448 1852 2488 carent
1876 2435 2092 2490 tumori-

294 2512 420 2584 bus3
461 2512 493 2570 a
520 2509 713 2572 costula
755 2514 889 2569 enim
912 2508 1250 2592 utplurimum
1275 2513 1331 2571 A
1355 2512 1618 2572 tubercula
1655 2517 1807 2572 variae
1842 2515 2021 2597 figurae
2046 2539 2094 2576 e-

297 2597 561 2670 levantur,
614 2592 832 2655 molares
872 2593 1051 2654 dentes
1088 2594 1376 2657 aemulantia
1389 2618 1404 2666 3
1453 2619 1680 2679 quorum
1722 2597 2003 2679 capitulum
2043 2599 2095 2658 B

296 2678 538 2762 superiori
559 2676 667 2741 folii
687 2697 833 2761 parte
857 2680 1073 2738 eminet:
1115 2676 1326 2740 inferius
1348 2683 1473 2741 verb
1509 2679 1729 2762 longior,
1769 2687 1821 2741 ὃ(
1845 2682 2095 2765 gracilior,

298 2769 351 2825 8(
376 2760 515 2846 quafi
530 2763 767 2824 dentatus
786 2761 1040 2846 proceffus
1062 2765 1106 2822 C
1127 2761 1408 2847 elongatur.
1489 2763 1691 2839 Crassa,
1732 2771 1784 2824 &
1798 2763 1956 2827 solida
1972 2791 2096 2830 con*

299 2847 434 2907 stant
457 2846 656 2919 formzi3
702 2846 1127 2930 irregularemque
1151 2846 1351 2908 servant
1377 2848 1550 2924 fitam,
1590 2855 1643 2910 ὃ(
1666 2847 1907 2910 formam.
1965 2850 2095 2911 Hoc

300 2953 460 2991 unum
485 2932 735 3014 perpetuo
759 2930 969 3006 habent,
1009 2949 1070 2991 ut
1100 2931 1166 2991 de
1185 2954 1330 2992 more
1348 2933 1667 2993 commiffum
1691 2955 1917 2994 vermem
1937 2935 1998 2990 D
2014 2933 2093 2993 fo»

301 3033 486 3074 veant:
525 3020 578 3075 ὃ(
598 3019 730 3075 circa
747 3015 947 3096 hyemis
969 3017 1296 3098 principium,
1337 3015 1578 3077 inclusum
1605 3019 1715 3078 vidi
1738 3039 1920 3091 ovum,
1955 3017 2097 3098 quasi

302 3097 562 3180 segmentis
588 3097 822 3174 divisum,
866 3104 918 3160 in
956 3121 1064 3180 quo
1094 3104 1235 3181 nigra
1268 3101 1545 3161 includitur
1582 3101 1765 3174 musca,
1806 3101 2098 3162 circumhae-

299 3181 532 3243 rentibus
547 3181 739 3257 ichore,
778 3182 991 3244 &luteo
1014 3183 1241 3243 humore.

386 3263 513 3326 Nec
546 3265 715 3325 minus
765 3266 1030 3339 Qercina
1066 3265 1203 3340 folia,
1255 3270 1471 3350 copiofi,
1513 3267 1794 3352 stipticique
1824 3268 1953 3330 succi
1981 3294 2098 3354 ope,

307 3371 417 3430 quo
452 3348 679 3433 pollent3
722 3348 1006 3429 hujuffnodi
1040 3349 1295 3410 morbosis
1329 3349 1665 3412 excrescentiis
1701 3372 1967 3413 tentantur
1983 3405 1996 3428 ,
2047 3363 2099 3417 &

308 3430 607 3494 inse&orum
636 3430 824 3493 alendis·
844 3434 1055 3494 foetibus
1095 3453 1397 3517 opportuna
1430 3436 1742 3496 redduntur:
1783 3438 1920 3498 unde
1955 3441 2099 3498 innu-

310 3536 463 3574 merae
485 3517 616 3599 pene
639 3515 972 3580 observantur
999 3521 1374 3602 erumpentium
1397 3519 1690 3601 hujusmodi
1706 3519 1974 3582 Gallarum
1997 3521 2099 3603 spe-

310 3601 428 3675 cieS,
468 3604 521 3659 δ(
547 3599 738 3663 formae.
825 3601 1115 3686 Simplicior
1150 3607 1334 3685 itaque,
1374 3627 1468 3664 nec
1502 3603 1675 3666 minus
1709 3604 1897 3687 elegans
1922 3623 2099 3664 tumor

1213 3686 1277 3747 H
2013 3688 2100 3763 est,

2143 222 2213 286 25
