2638 3926
275 145 515 152 ———

1047 172 1135 232 De
1164 163 1347 254 (fallis.

255 338 353 375 nec
370 313 536 374 Gallae
559 311 622 370 X
645 310 816 370 adhuc
832 307 1230 371 continuabatur
1257 333 1267 367 z
1310 308 1416 370 haec
1446 312 1581 369 enim
1598 308 1837 386 lacerata,
1878 321 1929 377 &
1959 341 2054 399 pu-

257 399 483 473 trefacta,
525 395 582 455 ea
604 413 767 478 parte,
807 418 910 479 qua
937 392 1229 454 ne&ebatur
1247 391 1315 469 V,
1355 397 1647 476 urgentium
1689 392 1934 457 foliorum
1964 406 2055 461 im-

249 501 376 566 'petu
403 478 592 541 sursum
615 479 898 565 pellebatur
914 504 932 552 ,·
970 477 1107 537 unde
1143 475 1426 559 frequenter
1451 480 1586 536 inter
1606 476 1924 540 lustrandum
1962 484 2054 544 hu-

251 565 473 647 jusmodi
503 564 658 626 Galla
691 564 836 627 facile
876 559 1163 621 excidebat.
1250 560 1312 621 A
1351 561 1513 645 lignea
1552 565 1798 644 portione
1842 588 2057 648 gemmae

251 649 403 731 hujus
430 670 643 712 exortas
673 647 785 709 casu
811 645 921 708 vidi
944 643 1123 704 Gallas
1145 644 1203 720 S,
1244 642 1451 729 fiiosque
1477 646 1775 708 condebant
1808 655 2055 714 vermicu-

251 734 345 794 los,
431 734 562 794 Hoc
585 756 746 793 unum
769 729 1091 789 monendum
1115 731 1167 788 in
1193 735 1411 791 exaratis
1425 735 1693 815 gemmatis
1708 732 1906 807 Gallis3
1949 759 2057 799 non

251 821 505 902 perpetuo
552 835 779 873 vermem
813 811 985 896 ligneo
1024 818 1217 875 cortice
1263 816 1640 878 circumdatum
1681 822 1915 902 reperiri3
1971 819 2056 883 sed

252 905 564 963 vacuitatem
590 901 642 957 in
672 915 869 974 centrO,
910 898 1001 961 ubi
1020 898 1199 982 gallula
1219 899 1343 961 alias
1370 902 1594 986 affurgit,
1635 907 1879 965 excitari:
1933 928 2056 965 nam

252 985 395 1047 eroso
416 981 621 1043 fortaffe
646 981 832 1043 tenello
856 982 982 1045 olim
1010 1007 1225 1068 gemmae
1247 991 1406 1070 apice,
1452 1005 1684 1071 turgente
1706 988 1876 1048 adhuc
1905 1012 2054 1072 vege-

252 1072 473 1143 tatione,
514 1065 680 1128 Gallae
696 1091 888 1152 corpus
909 1069 1132 1132 adauctis
1151 1069 1355 1136 caducis
1379 1070 1584 1146 foliolis,
1624 1076 1676 1131 in
1713 1071 1876 1132 latum
1903 1092 2053 1135 extu-

252 1154 407 1214 berat.

333 1237 358 1297 l
361 1263 395 1298 n
416 1232 668 1298 salicibus
692 1237 848 1320 (43.)
866 1238 997 1298 novi
1022 1234 1200 1299 fiirculi
1222 1239 1541 1312 extremitaS,
1582 1236 1663 1298 seu
1687 1237 1902 1299 secunda
1919 1264 2054 1322 gem-

250 1345 336 1381 ma
350 1321 636 1405 frequenter
665 1320 916 1382 confimili
941 1323 1132 1405 pariter
1153 1340 1384 1385 tentatur
1411 1321 1595 1383 Galla:
1637 1322 1809 1407 ampla
1829 1347 2054 1407 namque

251 1408 334 1481 fit,
375 1404 516 1489 quasi
548 1430 749 1488 gemma
792 1405 1041 1466 foliorum
1061 1406 1133 1478 A,
1177 1423 1430 1467 contextu
1465 1408 1690 1468 excitata
1704 1432 1718 1480 3
1759 1431 1873 1491 quae
1902 1408 2058 1468 deor-

250 1489 359 1550 sum
393 1489 633 1573 pendula,
676 1488 952 1571 elegantem
995 1490 1126 1571 pene
1166 1491 1352 1552 florem
1386 1491 1657 1551 aemulatur
1672 1515 1687 1563 3
1729 1515 1823 1552 nec
1851 1491 2056 1552 ulterius

251 1578 467 1657 acquirit
489 1592 839 1656 augmentum,
885 1572 968 1634 sed
987 1573 1196 1635 tandem
1208 1574 1508 1636 exsiccatur.
1597 1574 1620 1634 J
1626 1599 1660 1634 n
1674 1574 1799 1635 ledia
1812 1577 1908 1637 hac
1923 1575 2056 1636 Gal-

251 1657 298 1717 la
320 1675 595 1740 gemmata,
636 1655 814 1717 surculi
838 1661 1020 1739 portio
1051 1674 1301 1718 contorta
1320 1657 1389 1733 B,
1431 1659 1773 1741 utplurimum
1809 1664 2054 1736 occurrit,

251 1763 365 1824 quae
389 1740 603 1802 dilatata
626 1743 680 1801 in
702 1741 920 1822 ligneam
948 1739 1276 1804 substantiam
1296 1744 1359 1818 C,
1401 1740 1581 1812 foliola
1606 1743 1668 1801 D
1703 1749 1905 1826 premit.
1989 1744 2054 1806 ln

251 1843 452 1900 centro,
474 1826 579 1886 hoc
608 1824 696 1898 est,
737 1829 791 1885 in
814 1824 915 1885 fitu
943 1830 1119 1908 apicis,
1157 1825 1322 1888 futuri
1360 1825 1539 1889 surculi
1570 1832 1758 1888 vermis
1788 1827 1962 1888 luteus
1995 1827 2053 1887 E

251 1913 559 1986 continetur,
612 1913 703 1993 qui
739 1910 829 1970 suo
883 1910 1064 1987 halitu,
1109 1917 1162 1973 ὃ(
1200 1910 1525 1995 transpiratu,
1584 1911 1885 1994 perturbata
1919 1911 2052 1972 succi

250 1993 336 2054 via
358 1994 660 2056 morbosam
684 1995 817 2056 hanc
835 1993 1046 2056 Gallam
1063 1994 1233 2056 efficit.

335 2078 395 2138 In
416 2084 569 2140 novis
584 2084 773 2161 pariter
789 2082 1003 2161 gemmis
1019 2078 1283 2155 QuechS,
1324 2079 1464 2162 Junii
1477 2076 1641 2145 mense
1661 2079 2054 2160 emergentibUS,

251 2163 404 2242 (44)
428 2163 610 2224 laxatis
631 2163 834 2224 caducis
849 2162 983 2223 foliis
999 2164 1074 2238 A,
1090 2163 1247 2224 Galla
1266 2163 1315 2220 B
1336 2162 1609 2223 attollitur.
1695 2161 1834 2221 Haec
1862 2161 2053 2225 seminis

252 2245 434 2304 hordei
460 2247 866 2326 magnitudinem
891 2270 1078 2327 parum
1095 2246 1318 2320 excedit,
1355 2251 1406 2306 &
1426 2243 1641 2305 cristatis
1665 2245 1865 2307 costulis
1889 2249 1934 2307 C
1949 2266 2051 2308 tur-

253 2345 369 2411 get3
399 2346 459 2387 ut
495 2326 736 2387 seminum
763 2328 966 2388 techam
1013 2328 1306 2389 aemuletur:
1344 2333 1481 2389 intus
1522 2352 1756 2391 concava
1777 2330 1865 2406 est,
1904 2337 1957 2392 ὃ(
1979 2332 2054 2393 bi-

252 2435 348 2472 nos
363 2409 513 2471 fovet
527 2431 737 2472 vermes,
829 2410 930 2470 Ab
943 2408 1111 2474 iisdem
1125 2411 1352 2474 secundis
1370 2416 1584 2496 gemmis
1598 2417 1651 2475 in
1667 2413 1884 2487 Qercu
1898 2415 2052 2500 (45.)

253 2493 639 2577 frequentiffime
650 2513 771 2555 ante
782 2493 906 2578 Julii
926 2495 1140 2558 mensem
1172 2497 1395 2580 copiosae
1417 2519 1698 2582 erumpunt
1712 2498 1898 2574 Gallae,
1927 2523 2052 2583 qua-

254 2600 370 2638 rum
393 2598 641 2640 exortum
656 2578 846 2662 placuit
862 2578 1114 2664 indagare.
1142 2588 1206 2651 A
1221 2581 1420 2644 surculo
1438 2586 1593 2666 igitur
1611 2582 1824 2645 novello
1837 2585 1894 2643 A
1905 2582 2055 2667 supra

254 2662 365 2724 folii
388 2663 573 2724 stabilis
602 2663 1044 2748 implantationem
1087 2664 1170 2742 fB,
1206 2669 1416 2730 minima
1449 2667 1652 2729 locatur
1669 2692 1889 2752 gemma,
1924 2668 2055 2730 binis

253 2768 508 2833 cooperta
521 2748 721 2810 caducis
735 2749 921 2811 foliolis
948 2753 992 2811 C
1014 2776 1024 2810 :
1063 2749 1130 2810 ab
1154 2749 1307 2832 hujus
1324 2749 1431 2812 bafi
1451 2756 1673 2837 erumpit
1689 2751 1860 2813 Gallae
1875 2754 2053 2814 incho-

254 2851 521 2894 amentum
548 2834 627 2910 D,
659 2834 807 2917 quod
850 2857 1072 2896 recurvo
1109 2839 1253 2919 apice
1302 2839 1489 2898 eminet
1515 2861 1531 2910 3
1577 2837 1839 2899 interdum
1881 2856 2050 2897 autem

258 2917 396 3000 quafi
418 2917 576 3000 stylus
598 2922 936 2980 acuminatur.
1021 2918 1166 2980 Intus
1189 2925 1486 2983 concavitas
1504 2921 1660 2999 adest,
1697 2921 1918 3003 copiofis
1933 2922 2052 2980 ovis

257 3003 313 3061 E
330 2999 546 3076 referta,
581 3003 859 3065 duodecim
888 3006 1023 3064 enim
1047 3005 1078 3064 a
1101 3007 1360 3091 principio
1395 3011 1678 3068 numeravi.
1764 3002 2052 3087 Temporis

255 3085 524 3169 progressu
546 3091 739 3149 aufflor
755 3088 960 3149 reddita
999 3087 1155 3150 Galla
1175 3088 1248 3166 F,
1290 3092 1322 3151 ὲ
1343 3092 1631 3175 grandioris
1653 3110 1869 3171 gemmae
1893 3088 1946 3147 G
1964 3088 2051 3151 ba-

257 3172 295 3231 fi
321 3190 528 3245 exorta,
571 3173 836 3234 tumidiori
860 3192 1041 3234 ventre
1065 3193 1255 3258 turget,
1275 3182 1327 3238 &
1349 3179 1494 3260 apice
1518 3173 1584 3231 H
1601 3171 1776 3235 senfim
1799 3170 2050 3235 ascendit:

257 3256 468 3316 tandem
493 3256 726 3316 rotundo
750 3258 879 3340 pene
909 3278 1087 3318 ventre
1110 3257 1158 3332 I,
1199 3261 1485 3340 conicoque
1515 3261 1660 3343 apice
1684 3258 1742 3317 K
1767 3255 1952 3319 furlum
1975 3260 2051 3321 di-

260 3343 456 3422 rigitur,
496 3346 548 3401 &
572 3341 852 3422 compressa
878 3342 1139 3426 postremo
1166 3366 1367 3425 gemma
1408 3345 1461 3404 in
1486 3343 1774 3406 rotundum
1813 3343 2052 3406 excrescit

260 3445 448 3504 corpus
471 3423 622 3486 nobis
639 3443 846 3500 notum,
885 3431 939 3487 in
962 3451 1072 3510 quo
1094 3425 1434 3509 utplurimum
1454 3433 1664 3491 unicum
1685 3427 1931 3490 conditur
1943 3433 2050 3489 ani-

261 3506 363 3566 mal
387 3530 398 3565 :
451 3510 711 3571 interdurn
751 3510 1050 3594 multiplicia
1092 3510 1354 3595 disparatis
1400 3517 1453 3575 in
1485 3514 1611 3575 locis
1657 3512 2017 3575 custodiuntur
2032 3535 2048 3586 ,-

256 3591 430 3651 donec
454 3595 507 3651 in
533 3594 726 3657 muscas
750 3596 1013 3675 conversa,
1054 3596 1190 3659 foras
1218 3603 1356 3661 viam
1381 3597 1472 3658 fibi
1494 3617 1741 3684 quaerant.

1868 3680 2051 3742 Parem

2125 204 2196 270 35
