2600 3952
275 171 2263 201 ‚w

346 240 412 275 ΖΟ

861 210 1304 269 MARCELLI
1376 200 1852 259 MALpiGHII

290 288 2280 320 fl

502 340 754 406 primordiis
780 328 1012 381 mucosum
1026 325 1087 374 est
1101 365 1115 387 ,
1148 327 1287 375 tractu
1314 340 1472 374 tamen
1488 324 1703 392 temporis
1718 320 1889 372 osseum
1906 322 2119 387 redditur,
2138 329 2288 377 candi-

503 413 628 472 dum,
646 418 691 457 ὃς
706 408 880 453 durum.

568 487 679 530 Non
697 478 825 544 longe
842 477 866 522 a
882 470 1103 521 radicibus
1119 476 1165 522 in
1190 474 1398 522 exteriori
1412 472 1595 522 lamella
1614 471 1961 523 filamentorum
1981 491 2000 541 3
2010 491 2058 536 7,
2077 473 2201 542 quasi
2215 494 2290 528 or„

503 558 623 603 dines
651 559 688 602 A
709 548 873 599 sursum
913 549 1189 598 deducuntur
1207 591 1219 612 ,
1254 552 1334 616 qui
1370 550 1538 599 lineam
1565 548 1758 618 crispam
1774 549 1832 599 ad
1859 549 1998 599 latera
2025 551 2287 604 inclinatam

500 632 542 677 Β
555 627 793 694 designant.
860 629 975 675 Non
997 625 1090 674 {unt
1118 642 1266 674 autem
1287 627 1497 675 continua
1512 643 1703 693 corpora
1721 667 1735 689 ,
1771 625 2110 678 filamentorum
2124 628 2259 679 instar
2273 668 2290 691 ,

497 701 521 746 a
538 701 686 749 radice
702 702 758 749 ad
785 698 1093 749 summitatem
1117 697 1347 766 producta,
1379 697 1452 745 sed
1468 701 1693 745 innumeri
1722 695 1810 749 fere
1826 700 1923 750 sunt
1938 705 2137 773 contigui
2163 704 2286 775 quasi

496 773 591 840 pili,
608 780 686 841 qui
704 794 865 844 parum
882 774 1144 840 assurgentes
1162 770 1303 819 talem
1324 769 1554 837 designant
1585 771 1755 820 lineam
1771 803 1784 835 ,-
1819 775 1935 825 unde
1946 774 2080 828 fedius
2092 797 2172 848 per
2186 781 2285 832 lon-

495 867 606 916 gum
623 850 745 911 dens,
781 851 1006 897 interioris
1021 845 1146 895 offeae
1173 843 1368 894 lamellae
1386 846 1417 891 C
1425 845 1700 913 progressum
1730 847 1883 916 objicit
1897 892 1912 916 ,
1949 857 2021 902 cui
2038 855 2287 908 adnascitur

493 923 613 973 aliud
642 941 876 971 externum
894 921 1180 971 involucrum
1202 921 1264 981 D,
1296 917 1419 986 quod
1433 917 1553 987 quasi
1581 918 1894 989 affurgentibus
1910 926 2010 995 pilis
2026 930 2286 999 conglome„

489 1017 624 1061 ratur,
641 1015 841 1066 quorum
856 998 1060 1047 distincta
1075 1012 1314 1064 compages
1327 993 1446 1043 offeo
1461 993 1600 1044 affuso
1621 994 1752 1045 succo
1766 997 2030 1053 obscuratur.

554 1072 712 1121 Adhuc
725 1073 893 1136 haereo,
926 1093 985 1122 an
1011 1076 1191 1121 Natura
1221 1073 1268 1117 in
1303 1069 1461 1117 offium
1473 1071 1769 1137 produffione
1784 1075 1934 1140 primo
1949 1077 2157 1146 stamina,
2185 1079 2286 1132 fila-

489 1168 752 1202 mentorum
775 1147 966 1219 speciem
1000 1147 1253 1210 referentia,
1269 1146 1418 1208 ducat,
1446 1162 1547 1214 quae
1571 1150 1619 1195 in
1635 1165 1729 1197 rete
1750 1149 1973 1217 implicita
2005 1155 2140 1222 plana
2156 1157 2287 1210 effor-

491 1241 634 1287 ment,
662 1225 841 1294 haecque
867 1229 1008 1274 traCm
1023 1226 1238 1291 temporis
1258 1219 1467 1269 solidiora
1494 1220 1753 1284 reddantur,
1765 1222 1957 1291 disperso
1972 1227 2177 1280 ulteriori
2204 1231 2286 1281 hu-

489 1315 635 1361 more,
661 1303 740 1368 qui
757 1299 1050 1348 &interstitia
1077 1296 1265 1365 repleat,
1297 1301 1344 1344 δι
1362 1293 1477 1343 ossea
1492 1294 1679 1345 reddat?
1716 1297 1788 1343 An
1812 1298 1922 1347 vero
1947 1296 2285 1355 filamentorum

489 1387 580 1421 rete
593 1375 747 1439 primo
770 1378 999 1436 excitetur,
1013 1391 1105 1420 non
1121 1372 1301 1421 tantum
1317 1368 1374 1417 ad
1397 1368 1734 1418 conciliandam
1753 1368 2026 1423 soliditatem
2041 1382 2090 1426 δι
2102 1397 2286 1430 concre-

488 1451 677 1511 tionem,
691 1447 764 1496 sed
786 1466 834 1497 ut
850 1452 874 1499 a
890 1451 1150 1518 propagatis
1169 1455 1217 1496 δι
1232 1443 1427 1514 dispersis
1440 1444 1553 1496 vasis
1577 1451 1626 1494 δι
1643 1450 1792 1496 nervis
1806 1446 1946 1498 osseus
1965 1449 2126 1519 succm,
2147 1455 2286 1506 veluti

485 1521 509 1568 εἰ
526 1521 686 1586 cribrO,
702 1523 842 1573 adhuc
856 1524 1031 1587 fluidus,
1048 1529 1095 1572 &
1110 1519 1331 1591 petrificus
1341 1519 1506 1569 humor
1518 1527 1567 1571 ὃς
1582 1519 1756 1589 spiritus
1770 1522 2007 1592 separetur,
2021 1533 2069 1578 ἃ,
2081 1530 2289 1582 extruda..

485 1615 572 1661 tur,
586 1604 664 1668 qui
691 1599 845 1650 sensim
855 1601 1033 1650 effluens
1051 1607 1099 1649 &
1115 1596 1398 1648 concrescens
1413 1599 1567 1665 primo
1587 1597 1665 1647 sub
1677 1599 1878 1667 pilorum
1900 1600 2043 1670 specie
2056 1647 2071 1669 ,
2103 1609 2287 1662 tandem

486 1676 701 1741 copiosius
716 1697 974 1746 erumpens,
998 1677 1250 1742 adjacentia
1277 1674 1494 1742 replendo
1509 1672 1666 1743 spatia,
1692 1677 1976 1727 metallicam
2006 1687 2056 1730 &
2071 1684 2194 1751 quasi
2204 1703 2286 1754 pe.

483 1749 677 1801 trificam
708 1752 923 1822 largiatur
957 1771 1169 1803 naturam
1198 1759 1245 1800 &
1269 1751 1559 1800 soliditatem.
1628 1756 1679 1799 In
1701 1752 1930 1821 lignorum
1942 1757 2288 1825 petrificatione‚

486 1830 534 1872 &
554 1829 676 1895 gypfi
690 1832 1002 1895 productione,
1041 1828 1276 1876 filamenta
1301 1826 1457 1894 primo
1474 1828 1723 1876 tenuissima
1738 1835 1787 1878 &
1799 1829 2058 1896 crystallina
2079 1832 2165 1883 sese
2179 1854 2287 1904 pro-

482 1899 605 1965 dunt,
627 1905 651 1951 a
667 1904 824 1972 quibus
839 1905 1081 1974 planorum
1092 1918 1355 1954 contextura
1377 1901 1514 1950 affiaso
1531 1902 1717 1952 ulterius
1731 1903 1859 1953 succo
1882 1904 2087 1958 succedit.
2157 1916 2287 1977 Qa-

482 1991 528 2021 re
543 1978 701 2024 offium
717 1978 951 2027 filamenta
977 1977 1112 2026 crassa
1146 1984 1196 2026 &
1211 1976 1439 2025 tendinosa
1461 1975 1756 2044 probabiliter
1773 1977 1920 2028 evafis
1937 2018 1951 2042 ,
1986 1987 2036 2031 &
2065 1988 2287 2056 praecipue

484 2047 746 2115 sanguineis,
770 2069 852 2120 qu?
879 2049 1132 2120 frequentia
1155 2053 1464 2112 intercurrunt,
1491 2049 1730 2118 percolant
1742 2051 1913 2102 ofleum
1939 2053 2072 2104 illum
2088 2063 2136 2106 &
2150 2065 2286 2129 petri-

481 2120 619 2169 ficum
632 2123 830 2187 succum,
847 2130 926 2192 qui
946 2124 1184 2173 interstitiis
1198 2121 1355 2172 affusus
1380 2127 1647 2173 &innatans
1670 2123 1810 2194 longo
1824 2126 2090 2196 transpiratu
2123 2130 2287 2184 solide..

481 2193 571 2242 scit.
640 2197 791 2245 Osleus
808 2196 954 2247 succus
983 2203 1030 2247 in
1057 2196 1330 2247 animalibus
1342 2197 1596 2261 luxurians,
1611 2205 1659 2248 &
1677 2197 1737 2247 ab
1750 2199 1848 2267 ipsis
1863 2201 2080 2253 offibus&
2096 2207 2287 2258 tendini-

481 2270 561 2319 bus
576 2272 769 2336 effluenS,
783 2275 939 2341 paffim
956 2273 1215 2324 observatur
1237 2277 1284 2322 in
1313 2271 1566 2340 hujusmodi
1590 2277 1786 2341 partium
1800 2272 2017 2341 fracturis,
2043 2284 2091 2328 &
2110 2281 2287 2332 incisio-

482 2345 623 2393 nibus.
695 2346 1005 2398 Musculorum
1019 2351 1182 2413 pariter
1216 2346 1487 2412 multiplices
1508 2348 1731 2410 tendines,
1752 2354 1970 2416 temporis
1992 2351 2283 2406 diuturnitate

481 2421 582 2469 ossei
599 2422 853 2471 redduntur.
922 2427 973 2471 In
1002 2420 1279 2470 Gallinaceis
1299 2423 1415 2469 circa
1447 2420 1656 2469 articulos
1683 2421 1743 2470 ab
1765 2423 1922 2472 offibus
1949 2423 2162 2475 exsudans
2185 2433 2281 2481 icor

477 2495 728 2543 consimiles
749 2496 956 2564 producit
985 2495 1268 2563 appendices,
1297 2493 1534 2561 &tophos
1603 2497 1820 2560 Memini,
1847 2499 1895 2544 in
1911 2496 2030 2548 bove
2059 2503 2172 2550 intra
2186 2496 2284 2552 cal-'

478 2574 652 2618 variam
667 2574 895 2639 ingentem
933 2571 1100 2620 osseam
1118 2570 1296 2619 molem
1314 2568 1559 2619 observasse
1585 2572 1752 2638 (quam
1779 2571 1924 2622 adhuc
1948 2570 2124 2642 serve.)
2190 2580 2282 2637 ch

476 2639 558 2691 suis
569 2646 846 2696 circumdata
873 2644 1148 2694 membranis
1173 2650 1221 2694 &
1244 2642 1356 2692 vasis
1370 2642 1614 2711 sanguineis
1634 2685 1648 2707 ,
1685 2645 1878 2695 alterum
1903 2647 2138 2698 cerebrum
2171 2670 2278 2701 curn

477 2718 671 2785 appenso
686 2720 910 2770 cerebello
943 2720 1194 2769 aemulatur.
1267 2721 1399 2766 Hanc
1427 2734 1582 2766 autem
1606 2719 1631 2767 a
1645 2720 1902 2786 primordiis
1907 2723 2136 2789 glandulam
2157 2723 2279 2775 fuisse

481 2813 596 2856 reor,
616 2801 665 2844 &
684 2796 783 2844 casu
811 2800 1001 2845 excitato
1033 2795 1136 2844 ossei
1166 2794 1279 2842 succi
1306 2793 1604 2864 percolatorio
1630 2793 1851 2861 folliculO,
1882 2800 1945 2848 ita
1961 2800 2006 2846 in
2019 2799 2131 2848 hanc
2146 2800 2276 2869 dege-

482 2869 644 2918 nerasse
674 2888 882 2920 naturam
903 2879 950 2920 &
965 2871 1159 2932 molem,
1173 2874 1338 2917 rationi
1353 2868 1600 2918 consonum
1614 2870 1691 2919 est.

544 2947 724 2992 Horum
743 2951 788 2992 δε
803 2944 1017 2993 similium
1032 2945 1239 3012 indagine
1267 2941 1564 3011 probabiliter
1587 2943 1792 3014 suspicari
1813 2946 2056 3015 possumus,
2086 2946 2206 2998 fibris
2226 2957 2275 3000 &

480 3016 840 3068 transversalibus
856 3020 1150 3069 utriculorum
1163 3015 1407 3081 ordinibus,
1424 3017 1580 3084 quibus
1593 3017 1769 3086 lignum
1786 3024 2053 3084 contexitur,
2075 3024 2273 3090 peculia-

482 3109 578 3138 rem
608 3091 772 3139 affundi
807 3091 1001 3157 succum,
1036 3111 1175 3162 quem
1201 3090 1391 3159 superius
1407 3091 1732 3162 indicavimus3
1768 3099 1889 3163 cujus
1913 3098 2194 3164 corporatura
2224 3105 2272 3147 &

482 3168 768 3213 concretione
802 3171 927 3215 varia
957 3166 1151 3216 firmitas
1174 3167 1414 3214 &durities
1445 3165 1569 3233 ligno
1596 3184 1902 3235 comparatur.
1970 3172 2182 3235 Longum
2206 3188 2274 3220 ta-

482 3257 588 3286 men
604 3244 838 3308 requiritur
858 3259 1049 3309 tempus,
1074 3258 1122 3290 ut
1152 3245 1322 3290 recenti
1340 3240 1465 3309 ligno
1490 3241 1589 3290 talis
1615 3244 1878 3292 concilietur
1891 3241 2106 3307 soliditas,
2131 3245 2271 3311 qualis

481 3311 822 3379 deprehenditur
852 3319 897 3363 in
922 3315 1213 3384 praeexistenti
1237 3315 1390 3383 ligno3
1427 3315 1544 3363 unde
1576 3334 1695 3365 nova
1726 3318 1904 3366 inducta
1925 3316 2073 3383 lignea
2098 3318 2267 3366 addita-

481 3402 635 3434 menta
650 3390 773 3452 adipes
787 3391 1005 3453 dicuntur,
1020 3397 1067 3439 δε
1082 3390 1107 3437 a
1122 3388 1271 3437 colore
1305 3388 1492 3436 subalbo
1521 3390 1722 3440 alburnum
1737 3389 2028 3458 appellantur.
2095 3390 2267 3440 Talem

481 3460 691 3508 duritiem
707 3479 798 3507 non
812 3462 1066 3526 sortiuntur,
1098 3481 1241 3531 quam
1270 3461 1587 3511 subcrescentia
1615 3463 1883 3512 insectanon
1904 3463 2114 3527 erodant3
2150 3462 2267 3511 unde

484 3527 665 3579 teredini
679 3526 851 3576 summe
866 3530 1063 3578 obnoxia
1075 3531 1186 3580 sunt.
1258 3535 1304 3578 In
1319 3551 1474 3597 quercu,
1488 3536 1592 3578 ocsto
1608 3530 1793 3578 circulos
1823 3528 2113 3578 &involucra
2139 3530 2267 3579 alhur.

482 3622 571 3650 num
597 3601 861 3650 constituere
879 3603 996 3667 vidi3
1031 3621 1188 3669 quare,
1220 3606 1326 3652 cum
1351 3601 1479 3652 facile
1497 3607 1605 3652 aeris
1640 3610 1686 3652 &
1714 3619 1838 3668 aquae
1866 3604 2032 3666 injuriis
2050 3601 2264 3666 cedant,a

481 3675 750 3725 mechanicis
773 3691 820 3722 ut
846 3675 1018 3722 inutilia
1056 3676 1332 3740 abjiciuntur.
2036 3674 2265 3726 Arborum
