2600 3952
303 150 2293 185 Μῃ-

364 219 425 259 22

871 190 1314 249 MARCELLI
1386 180 1866 240 MALPIGHII

308 271 2295 303 fl

270 2448 463 2509 Tris-9.

519 325 761 392 plurimum
790 320 938 362 tamen
969 307 1042 355 ubi
1076 305 1184 354 nodi
1212 308 1472 355 excitantur.
1539 307 1710 356 Trunci
1738 306 1871 352 unico
1894 303 2045 371 ligneo
2070 302 2303 353 involucro

518 394 711 444 contenti
729 388 822 436 sunt
837 427 850 446 ,
887 389 933 430 &
950 380 1177 448 reliquum
1191 379 1390 430 medulla
1405 398 1551 430 tenere
1566 379 1689 444 solet,
1713 378 1785 429 vel
1802 378 1974 442 saltem,
2005 377 2098 445 ipsa
2114 376 2301 453 ablentq

516 482 708 515 vacuum
721 460 995 526 relinquitur.
1064 458 1234 507 Caulium
1257 460 1423 524 pariter
1447 475 1686 525 compages
1701 460 1825 506 varia
1843 455 1904 505 est
1921 488 1933 524 ;
1969 472 2078 503 nam
2090 452 2300 522 plaerum-

514 553 602 603 que
617 531 788 601 dispersi
802 550 877 599 per
892 530 1143 579 medullam
1164 528 1357 579 fasciculi
1388 529 1550 592 fibrofi,
1579 529 1834 596 cylindrum
1864 529 2125 597 efformant3
2159 545 2301 597 quan-

513 610 662 674 doque
677 605 863 655 tubulofi
877 604 989 667 sunt,
1023 611 1071 653 &
1087 621 1178 651 non
1204 604 1303 652 raro
1321 603 1557 670 multiplex
1580 607 1763 674 occurrit
1774 608 1967 653 vacuitas
1981 637 1994 672 3
2029 603 2149 653 unde
2186 599 2301 671 ipso-

515 699 613 729 rum
640 681 920 750 segmentum
954 676 1233 725 horizontale
1267 693 1355 724 rete
1370 675 1577 723 delineat.
1643 676 1859 726 Caulium
1873 684 1919 726 &
1936 679 2172 727 caudicum
2187 696 2300 746 quo-

513 773 600 823 que
612 761 735 805 varia
750 757 940 804 exterior
969 751 1030 799 est
1047 749 1210 813 forma,
1236 767 1335 817 quae
1357 750 1485 798 nudis
1514 749 1652 797 oculis
1679 766 1828 819 patet3
1866 751 2018 802 &haec
2045 757 2070 802 a
2086 752 2301 804 fibrarum

512 835 639 878 vario
655 830 804 890 ductu,
819 845 917 894 quae
943 829 989 871 in
1005 820 1110 872 folia
1128 831 1173 873 &
1190 841 1339 872 ramos
1367 823 1620 872 derivantur
1635 863 1649 886 ,
1675 841 1885 875 exortum
1912 827 2056 876 trahit.
2123 831 2251 880 Hanc
2267 829 2298 878 fi

512 903 717 969 figiiatim
729 899 953 949 recensere
975 898 1164 960 vellem,
1203 897 1459 966 plantarum
1473 900 1693 966 integram
1709 897 1935 950 historiam
1954 919 2189 953 contexere
2202 921 2300 953 ten-

511 991 666 1022 tarem„

1140 1242 1661 1309 DeGEMMrs.

509 1405 947 1546 VEgetantium
980 1426 1113 1477 genus
1128 1446 1141 1469 ,
1170 1421 1220 1454 ut
1252 1405 1451 1456 debitam
1485 1404 1846 1475 magnitudinem
1879 1402 2084 1454 sortiatur
2098 1445 2114 1469 ,
2144 1411 2193 1455 δι
2218 1403 2301 1456 suae

695 1481 984 1532 mortalitatis
1007 1486 1228 1549 jacturam
1257 1481 1483 1532 succeffiva
1517 1479 1653 1550 prolis
1685 1478 1923 1528 educitione
1947 1495 2120 1548 reparet
2134 1521 2149 1543 ,
2183 1479 2302 1531 statis

506 1556 785 1625 temporibus
812 1575 955 1607 novas
979 1562 1150 1625 promit
1168 1573 1311 1623 partes
1327 1597 1341 1619 ,
1376 1572 1423 1604 ut
1450 1555 1634 1604 tandem
1660 1569 1936 1622 emergentes
1961 1558 2077 1625 uteri,
2107 1573 2301 1606 recentes

506 1632 639 1680 edant
639 1634 806 1700 soboles.
856 1637 1126 1681 Emanantes
1142 1633 1271 1698 igitur
1293 1630 1477 1692 acaule,
1511 1631 1706 1693 caudice,
1722 1633 1884 1692 ramis,
1911 1635 1961 1679 δι
1986 1628 2202 1679 radicibus
2216 1649 2298 1680 no-

508 1705 634 1754 vellae
664 1702 915 1772 hujusmodi
932 1720 1093 1771 partes,
1127 1721 1220 1749 non
1251 1701 1376 1749 illico
1406 1703 1561 1751 laxatae
1577 1703 1871 1750 extenduntur
1885 1742 1897 1763 ,
1931 1700 2001 1748 sed
2025 1705 2300 1770 compendio

507 1779 713 1845 quodam
743 1794 1064 1846 coagmentatae
1090 1778 1203 1823 intra
1229 1773 1325 1823 folii
1362 1774 1549 1824 axillam
1585 1774 1797 1824 cubantes
1815 1816 1828 1839 ,
1859 1792 1952 1823 non
1979 1792 2142 1841 parum
2167 1774 2300 1825 subfi-

507 1851 636 1903 stunt.
707 1857 872 1901 Gemma
887 1870 1038 1901 autem
1066 1848 1365 1918 appellantur,
1389 1867 1445 1897 eo
1459 1849 1583 1917 quod
1614 1848 1918 1915 lacrymarum
1944 1847 2081 1898 instar
2110 1849 2301 1919 conglo-

507 1926 693 1993 bentur3
732 1926 978 1994 frequenter
1004 1928 1143 1973 etiam
1159 1926 1252 1972 oculi
1267 1927 1534 1974 vocitantur.
1604 1926 1767 1972 Gemmae
1788 1924 1939 1990 itaque
1962 1922 2061 1972 sunt
2073 1923 2214 1972 veluti
2230 1928 2300 1973 in-

505 1993 599 2046 fans
614 1999 683 2047 seu
698 1997 824 2047 foetus
838 2003 897 2047 ita
909 1997 1164 2058 custodituS,
1178 2013 1227 2045 ut
1241 1997 1319 2045 suo
1333 2013 1540 2064 tempore
1552 2001 1715 2058 ειυᾶιιε,
1728 2000 1776 2043 in
1795 1994 2021 2045 surculum
2034 1996 2298 2063 excrescens,

501 2073 685 2121 tandem
701 2089 774 2122 ova
789 2086 982 2141 promat.
1017 2074 1099 2118 Hae
1111 2069 1267 2120 nostris
1280 2066 1394 2119 hisce
1408 2070 1660 2139 regionibus
1673 2068 1908 2133 circaJunii
1921 2068 2123 2118 meniem
2144 2089 2296 2121 erum-

497 2163 610 2213 punt
627 2151 651 2195 a
666 2146 833 2195 tenello
851 2144 1020 2194 surculo
1048 2162 1159 2192 mox
1174 2147 1457 2213 germinante
1472 2185 1485 2208 ,
1518 2151 1566 2193 &
1589 2148 1650 2194 ita
1681 2142 1920 2206 custoditae,
1946 2144 2129 2194 tandem
2148 2141 2298 2194 futuro

498 2238 604 2268 vere
619 2226 892 2288 aperiuntur,
905 2227 952 2269 &
969 2218 1232 2268 adolescunt.
1248 2219 1439 2288 Speciali
1457 2237 1676 2288 compage
1690 2218 1893 2269 constant
1898 2237 2058 2287 gemmae
2068 2219 2153 2268 hoc
2166 2224 2296 2288 quie-

499 2298 553 2341 tis
573 2293 812 2343 intervallo
827 2326 839 2356 ,-
877 2292 1061 2358 fimtque
1073 2291 1216 2340 veluti
1232 2292 1372 2340 infans
1391 2293 1633 2355 involutus,
1659 2291 1731 2340 seu
1749 2310 1896 2353 eruca,
1911 2296 1959 2339 in
1973 2309 2064 2358 qua
2077 2311 2292 2360 compen-

499 2367 576 2415 dio
588 2369 790 2437 quodam
806 2367 951 2417 insunt
963 2366 1116 2413 ultimi
1132 2365 1236 2413 senii
1258 2362 1409 2414 futurae
1422 2381 1584 2433 partes.

564 2442 915 2510 Simplicioribus
933 2439 1120 2489 lustratis
1140 2459 1381 2507 gemmarum
1397 2435 1568 2501 formis,
1596 2436 1850 2505 insigniores
1878 2437 2172 2487 exarabimus.
2241 2443 2293 2490 In

488 2518 671 2566 arundine
688 2520 859 2585 vulgari,
874 2515 1074 2582 oblonga
1100 2517 1270 2565 eminet
1294 2532 1479 2583 gemma
1499 2533 1516 2581 3
1528 2533 1556 2578 9
1584 2518 1635 2575 A,
1662 2514 1685 2561 ὲ
1699 2510 1871 2579 fingulo
1895 2511 2016 2560 nodo
2031 2508 2158 2581 supra
2176 2521 2290 2566 anti-

488 2595 567 2658 qui
598 2588 694 2641 folii
729 2590 1016 2640 insertionem
1052 2590 1091 2637 93
1121 2607 1352 2657 emergens
1367 2629 1380 2651 ,
1415 2585 1585 2636 mitrali
1612 2585 1813 2635 constans
1826 2584 1972 2634 forma
1995 2587 2199 2636 multum
2213 2587 2290 2638 de-

490 2663 627 2732 pressa
644 2706 655 2727 ,
690 2671 879 2734 geminis
909 2669 1122 2713 excitatur
1140 2661 1273 2725 foliis,
1299 2681 1493 2731 quorum
1525 2660 1827 2730 peripheriam
1840 2660 1921 2728 pili
1938 2662 1982 2722 C,
1997 2660 2164 2710 filrsum
2176 2661 2290 2712 dire-

492 2742 568 2802 cti,
585 2736 714 2807 crispi
732 2747 777 2788 ὃς
794 2740 990 2802 candidi,
1005 2755 1167 2787 ornant
1183 2770 1194 2804 3
1232 2742 1347 2785 Intus
1363 2736 1575 2805 angulare
1591 2754 1748 2803 corpus
1765 2738 1824 2798 D,
1841 2734 2054 2785 viridibus
2068 2731 2288 2799 foliiS,iese

488 2817 685 2864 invicem
700 2813 998 2863 ambientibus
1015 2830 1237 2879 caeparum
1252 2829 1396 2873 more,
1412 2813 1654 2860 excitatum
1670 2810 1925 2860 custoditur.

558 2893 606 2936 In
622 2892 700 2938 olea
714 2894 878 2957 pariter
893 2905 1179 2956 gemmarum
1194 2884 1356 2952 species
1372 2883 1686 2952 fimpliciffima
1701 2884 1917 2952 est3unico
1932 2886 2056 2931 enim
2067 2880 2285 2934 foliorum

492 2964 644 3012 ordine
664 2983 727 3027 40
741 2970 778 3014 A
800 2963 985 3025 constat,
1012 2963 1228 3010 contentis
1241 2963 1355 3009 intus
1383 2958 1629 3006 minoribus
1652 2955 1819 3007 foliolis
1837 2958 1893 3025 &3
1930 2956 2098 3026 lingula
2113 2956 2286 3027 lanugi-

489 3056 544 3085 ne
559 3037 631 3086 seu
647 3042 828 3086 cinereis
846 3037 946 3106 pilis
964 3033 1192 3104 fiingisque
1205 3036 1538 3102 cooperiuntur.

555 3112 730 3160 Eadem
746 3111 833 3161 fere
847 3111 1058 3159 struitura
1073 3113 1116 3157 in
1130 3109 1371 3172 herbaceiS,
1386 3114 1433 3157 δι
1446 3108 1663 3176 praecipue
1679 3112 1725 3156 in
1738 3110 1841 3157 viola
1864 3111 2002 3155 martia
2012 3119 2205 3172 purpurea
2217 3125 2272 3168 4¹

493 3187 775 3254 conspicitur,
789 3189 812 3236 a
830 3191 948 3252 cujus
966 3186 1129 3247 radice,
1160 3183 1233 3234 seu
1250 3184 1420 3253 sepulto
1445 3183 1670 3233 cauliculo
1684 3191 1736 3248 A,
1755 3202 1909 3251 gemma
1929 3181 2123 3250 assurgit,
2137 3185 2277 3249 gemi-

497 3262 563 3306 nis
579 3279 786 3329 cooperta
801 3260 915 3310 foliis
927 3262 966 3308 Β
987 3292 998 3327 5
1034 3258 1209 3326 reliqua
1234 3263 1347 3307 intus
1366 3257 1687 3322 custodiuntur,
1702 3265 1749 3308 &
1765 3270 1955 3324 turgent,
1978 3270 2027 3303 ut
2039 3253 2279 3324 piniforme

495 3335 700 3384 reddatur
720 3357 889 3405 corpus,

562 3413 748 3459 Austior
763 3430 944 3478 gemma
958 3415 1151 3462 occurrit
1163 3412 1317 3480 paffim
1334 3414 1381 3459 in
1395 3410 1637 3473 arboribus,
1670 3417 1717 3459 &
1732 3406 1895 3457 arbutis
1910 3439 1922 3473 3
1955 3424 2003 3455 ut
2017 3408 2064 3451 in
2075 3408 2168 3464 vite,
2195 3406 2277 3453 lau-

496 3505 554 3547 ro,
563 3485 662 3552 ficu,
678 3485 785 3547 ruho,
802 3486 1002 3554 finnbuco,
1025 3507 1141 3549 moro,
1158 3494 1204 3535 &
1224 3507 1316 3535 nuce
1339 3504 1417 3549 42.
1486 3488 1592 3533 Haec
1611 3485 1634 3532 a
1649 3481 1814 3533 tenello
1843 3478 2061 3528 surculoA
2071 3480 2276 3546 emergit,

499 3560 620 3628 {upra
647 3560 810 3628 delapsi
840 3558 1129 3627 foliivestigia
1143 3562 1201 3624 Β,
1231 3559 1488 3626 &pluribus
1501 3556 1712 3606 foliorum
1742 3552 2012 3602 ordinibusC
2035 3550 2273 3672 rubigilnoli

2113 3644 2168 3674 co
2187 3639 2274 3673 oris
