2638 3926
408 221 488 277 40

1295 192 1384 252 De
1411 185 1589 279 §allia

556 348 671 396 tur,-
716 343 897 384 ventre
918 326 1046 384 vero
1071 343 1299 405 turgent,
1337 329 1389 382 8(
1409 340 1688 381 contentos
1712 342 1798 382 tot
1825 325 2132 388 vermiculos
2145 324 2344 388 fovent.

638 407 1038 480 Mirabiliorem,
1074 411 1124 467 8(
1154 406 1515 489 elegantiorem
1542 424 1815 465 tumorum
1841 409 2145 473 structuram
2172 434 2285 473 non
2300 410 2366 472 sc·

554 494 655 555 mel
691 496 742 552 in
781 492 999 561 Quercu
1040 490 1197 573 (60.)
1231 491 1509 550 admiratus
1538 487 1657 550 sum.
1754 489 1931 568 Hujus
1972 517 2141 557 ramus
2171 497 2227 556 A
2245 521 2367 558 cum

555 575 780 661 appenso
818 573 1018 635 surculo
1042 573 1106 649 B,
1141 577 1261 636 hinc
1292 575 1413 636 inde
1454 571 1842 657 erumpentibus
1870 580 2064 656 exiguis
2102 580 2270 643 Gallis
2303 585 2366 659 C,

553 661 899 743 exasperatUS,
944 659 1214 742 pulchrum
1252 659 1463 720 exhibet
1496 656 1836 743 spediaculum
1868 681 1879 716 :
1921 682 2043 720 nam
2089 664 2204 724 hinc
2247 669 2368 729 inde

553 748 841 820 turmatim,
883 750 936 804 8(
979 743 1411 805 indiscriminatim
1457 747 1699 805 oriuntur
1741 741 1908 804 Gallae
1942 745 2115 805 hiante
2155 754 2364 812 cortice.

555 829 767 890 Harum
791 829 973 910 aliquae
1001 829 1031 886 a
1050 852 1203 887 ramo
1227 831 1283 885 A
1308 846 1613 909 emergentes
1662 826 1919 889 transactae
1962 829 2164 912 hyemis
2199 836 2368 916 rigidi-

556 935 663 975 tate
687 939 796 974 non
819 913 1015 996 parum
1034 911 1353 982 deformatae,
1397 910 1650 972 foramine
1675 912 1815 973 hiant
1840 913 1907 974 ab
1932 915 2174 977 evolante
2200 916 2371 980 musca

555 1002 802 1059 excitato.
890 996 949 1054 ln
973 995 1174 1056 surculo
1197 999 1327 1056 vero
1354 994 1404 1052 B
1430 999 1737 1056 recentiores
1751 997 1862 1058 sunt
1878 999 2080 1073 Gallae3
2122 1008 2175 1064 8(
2196 1005 2248 1063 in
2264 1002 2370 1086 ple-

552 1083 712 1167 risque
733 1081 903 1143 adhuc
945 1078 1113 1141 musca
1136 1081 1402 1157 conditur,
1445 1104 1559 1164 quae
1580 1080 1833 1164 oblonga,
1875 1085 2146 1170 gracilique
2168 1088 2370 1150 constat

551 1170 740 1244 carina,
781 1190 884 1250 qua
901 1185 1100 1243 venter,
1142 1174 1195 1230 8(
1218 1167 1417 1228 thorax
1457 1165 1601 1249 quasi
1625 1165 1755 1227 linea
1792 1172 2123 1232 connediitur.
2208 1170 2372 1246 Qiae-

553 1256 678 1318 libet
701 1253 858 1314 Galla
895 1256 1101 1328 conico,
1143 1250 1476 1337 papillarique
1511 1270 1706 1312 exortu
1739 1253 1793 1313 E
1821 1253 1852 1312 a
1870 1251 2045 1337 ligneis
2072 1256 2215 1318 fibris
2245 1281 2369 1342 pro-

554 1342 620 1426 pe
641 1338 919 1399 medullam
961 1341 1175 1421 emergit
1196 1362 1210 1410 3
1254 1343 1305 1398 8(
1332 1340 1550 1420 receptis
1572 1337 1747 1397 fistulis
1771 1338 1802 1396 a
1823 1337 1991 1421 lignea
2006 1338 2298 1420 substantia,
2317 1350 2371 1406 8(

553 1423 903 1486 utriculorum
942 1420 1154 1484 seriebus
1178 1425 1230 1481 in
1266 1422 1561 1482 rotundum
1597 1445 1792 1503 corpus
1814 1421 1870 1479 F
1892 1424 2276 1506 conglobatur:
2317 1434 2370 1489 8(

554 1512 672 1571 hinc
696 1509 818 1568 inde
843 1509 873 1567 a
892 1506 1287 1592 supercrescente
1310 1505 1470 1590 ligno,
1513 1511 1566 1567 8(
1588 1508 1785 1566 cortice
1811 1509 1942 1566 rami
1969 1508 2276 1589 occultatur,
2317 1518 2370 1574 &

553 1595 876 1657 custoditur:
919 1594 1056 1655 unde
1097 1591 1272 1653 avulsa
1308 1591 1483 1668 Galla,
1525 1594 1887 1652 continuatam
1911 1597 2137 1658 ‚corticis
2164 1599 2370 1679 portio-

553 1705 672 1742 nem
693 1679 745 1737 G
770 1679 1045 1739 laceratam
1069 1678 1235 1739 lecum
1259 1681 1405 1760 rapit.
1504 1676 1634 1737 Pars
1650 1675 1896 1759 fiiperior,
1937 1701 2050 1760 quae
2082 1681 2235 1740 extra
2249 1686 2368 1743 emi·

555 1785 640 1827 net
663 1763 742 1838 H,
782 1768 909 1824 aeris
933 1763 1126 1844 injuriae
1151 1765 1410 1847 exposita,
1454 1760 1665 1823 extenso
1689 1761 1817 1822 olim
1841 1763 1987 1823 molli
2009 1769 2213 1826 corticis
2241 1787 2366 1849 ope-

552 1855 777 1911 rimento
811 1855 1081 1932 privatur,
1123 1847 1394 1932 solumque
1423 1846 1644 1931 superest
1681 1846 1916 1909 striarum
1960 1871 2168 1932 corpus,
2210 1847 2368 1912 exsic-

550 1938 678 1996 catis
707 1933 934 1995 utriculis
957 1952 1292 2009 contextum,
1336 1931 1480 2012 cujus
1505 1931 1767 1994 canaliculi
1790 1931 2211 1996 Iexcurrentium
2261 1934 2368 2016 jam

550 2021 832 2103 lignearum
848 2018 1097 2078 fibrarum
1123 2019 1273 2077 fitum
1298 2018 1559 2078 indicant:
1603 2021 1742 2078 intus
1758 2023 2054 2080 concavitas
2066 2019 2226 2096 adest,
2249 2043 2369 2105 quae

549 2105 721 2166 hiante
747 2103 999 2164 foramine
1025 2103 1091 2183 K
1112 2122 1270 2186 patet.
1363 2101 1586 2165 Easdem
1615 2100 1795 2163 Gallas
1828 2107 1880 2163 in
1917 2104 2088 2165 radice
2124 2103 2369 2177 Qercfis

549 2189 697 2273 supra
725 2207 915 2248 terram
943 2188 1169 2272 serpente
1200 2186 1491 2262 observavi,
1532 2191 1666 2247 inter
1692 2210 1819 2270 quas
1842 2187 2020 2272 aliquae
2046 2188 2368 2275 consumptae

552 2278 747 2358 pariter
784 2273 1052 2351 jacebant,
1100 2271 1306 2354 reliquae
1346 2273 1493 2346 verb,
1535 2271 1707 2331 adhuc
1743 2272 1952 2347 tenellae,
1993 2276 2246 2357 integram
2276 2274 2367 2336 ser-

554 2359 749 2419 vabant
787 2358 1126 2426 strudmram,
1167 2361 1219 2414 8(
1262 2355 1494 2413 exterius
1538 2355 1832 2413 rubicundae
1866 2355 2095 2436 papillari
2132 2361 2278 2438 apice
2310 2358 2364 2417 L

558 2441 982 2515 terminabantur,
1038 2437 1212 2499 senfim
1253 2456 1433 2495 ventre
1468 2435 1554 2494 M
1582 2435 1858 2518 turgebant
1896 2436 2137 2499 fasciculis
2173 2440 2364 2523 ligneiS,

555 2532 608 2586 8(
632 2525 858 2584 utriculis
905 2541 1179 2595 contexto,
1220 2526 1308 2604 qui
1349 2521 1551 2581 striatus
1585 2520 1774 2602 parum
1813 2539 1940 2597 erat,
1982 2527 2033 2583 8(
2056 2524 2257 2608 reliquo
2291 2525 2364 2588 sui

557 2609 844 2668 medebatur
867 2608 1006 2690 ligno
1023 2607 1109 2665 N:
1151 2608 1289 2666 unde
1319 2606 1552 2666 detraffi'm
1586 2609 1795 2680 cortice,
1836 2604 2014 2689 ligneae
2037 2607 2183 2669 fibrae
2202 2612 2248 2669 O
2269 2633 2362 2694 pa-

556 2693 750 2752 tebant.
840 2693 1032 2753 Praeter
1056 2712 1292 2752 exaratas
1324 2688 1618 2771 conspicuas
1635 2687 1813 2750 Gallas
1832 2694 1896 2765 C,
1939 2696 1991 2751 in
2013 2715 2160 2754 ramo
2185 2695 2244 2753 A
2266 2699 2361 2756 mi-

556 2781 693 2836 nima
741 2780 930 2858 pariter
982 2776 1243 2836 tubercula
1285 2774 1331 2832 P
1360 2774 1719 2850 observantur,
1773 2776 2138 2838 inchoamenta
2179 2777 2358 2840 Galla-

554 2885 699 2934 rum,
742 2883 809 2919 ex
836 2860 1035 2943 aspersis
1059 2865 1247 2919 etenim
1277 2858 1498 2942 copiosis
1526 2863 1643 2920 ovis
1659 2859 1853 2920 tenellae
1875 2881 2043 2944 partes
2061 2864 2358 2946 vegetando

554 2942 874 3005 intumescere
910 2948 1177 3027 incipiunt,
1219 2943 1489 3004 deficiente
1518 2962 1692 3005 tamen
1732 2945 1959 3006 humore
1994 2946 2192 3008 nullum
2229 2949 2355 3011 ulte-

556 3030 663 3088 rius
692 3034 900 3110 capiunt
950 3048 1281 3112 augmentum
1308 3054 1317 3087 :
1360 3028 1497 3088 unde
1519 3035 1569 3088 8(
1595 3048 1904 3090 contentum
1933 3029 2100 3091 ovum
2140 3033 2356 3094 exsicca-

560 3129 691 3184 tum,
730 3120 780 3172 8(
800 3114 956 3173 Galla
983 3114 1227 3173 inchoata
1251 3137 1357 3173 non
1386 3112 1676 3175 absolvitur.

646 3193 790 3252 Rubi
829 3217 995 3277 partes
1032 3198 1238 3273 alendiS,
1281 3204 1332 3258 8(
1359 3198 1658 3259 incubandis
1685 3197 1871 3259 inseetis
1895 3196 2013 3259 satis
2037 3201 2235 3261 idoneae
2259 3202 2351 3262 hu—

562 3277 783 3356 jusmodi
811 3297 1036 3339 tumores
1059 3284 1120 3343 de
1141 3282 1272 3343 facili
1305 3286 1567 3359 emittunt,
1610 3288 1698 3367 qui
1720 3306 1831 3343 non
1853 3282 1952 3343 una
1973 3285 2212 3345 constant
2245 3284 2350 3346 for-

562 3361 643 3418 ma
666 3386 679 3431 ,·
721 3361 799 3420 sed
822 3385 888 3422 ex
903 3368 1041 3423 varia
1058 3372 1336 3447 vegetantis
1359 3367 1587 3427 humoris
1616 3372 1784 3451 copia,
1824 3372 1876 3428 8(
1899 3388 2052 3428 motu
2074 3370 2243 3430 indito
2274 3370 2351 3431 di-

563 3444 850 3505 verfimode
884 3447 1177 3526 figurantur.
1262 3452 1320 3511 ln
1355 3476 1503 3512 ramo
1528 3455 1699 3535 itaque
1725 3452 1882 3533 (61.)
1908 3452 2196 3533 frequenter
2231 3474 2348 3516 tota

561 3529 833 3588 internodii
857 3534 1038 3610 portio
1065 3533 1117 3589 in
1142 3550 1400 3595 tumorem
1424 3536 1480 3593 A
1496 3537 1769 3611 attollitur,
1813 3536 1843 3594 ὲ
1867 3557 1974 3615 quo
1994 3538 2222 3599 exterius
2254 3539 2349 3623 spi-

565 3634 639 3669 nae
667 3612 714 3668 B
734 3633 1038 3695 erumpunt:
1081 3614 1216 3674 laevis
1252 3615 1321 3676 est
1350 3622 1575 3677 exterior
1611 3619 1891 3702 superficies
1923 3638 2104 3702 praeter
2141 3627 2348 3683 minima

2106 3706 2346 3789 quaedam
