2600 3952
310 197 375 251 32
841 169 1281 229 MARCELLI
1352 158 1828 219 MALPIGHII

1124 430 1228 495 De
1272 429 1597 502 F0L11s.

588 588 755 638 oliorum
770 586 968 651 copiam,
1000 599 1198 650 quorum
1229 586 1560 651 vegetationem
1582 582 1773 651 superius
1793 586 2110 650 indicavimus,
2141 586 2168 636 a
2196 599 2263 650 te·-

619 658 750 708 nellis
774 657 950 706 surculis
978 656 1168 724 pendere
1196 655 1404 703 omnibus
1430 671 1562 722 patet.
1631 661 1740 704 Sunt
1755 675 1906 710 autem
1926 660 2016 710 haec
2031 660 2154 729 quasi
2177 663 2264 730 pla.

474 736 625 782 centulae
650 730 920 799 singularum
947 731 1161 795 partium,
1188 726 1350 793 quibus
1364 725 1527 793 plantae
1542 730 1831 796 integrantur,
1841 737 2115 802 compendio
2129 754 2263 806 mag„

473 822 679 860 mentate.
749 808 797 849 In
813 803 879 849 his
896 800 1135 848 moliendis
1150 816 1246 847 tam
1262 795 1383 846 ferax
1395 798 1457 847 est
1468 803 1660 863 Natura,
1691 821 1740 852 ut
1758 802 1972 856 foliorum
1986 810 2124 876 gratia
2137 810 2263 878 plan-

474 894 527 926 tae
541 892 746 942 vegetare
763 875 1011 924 videantur.
1081 875 1220 924 Vario
1246 869 1324 919 fitu
1343 877 1390 920 &
1407 872 1562 921 ordine
1589 873 1910 943 implantantur
1935 876 2044 931 folia
2058 885 2105 931 in
2120 883 2263 933 surcu-

474 950 543 1011 lis,
560 955 605 997 &
625 948 822 998 adauctis
839 951 1030 1017 gemmis
1050 966 1060 994 t
1100 952 1365 1013 Frequenter
1387 951 1513 995 enim
1537 949 1584 995 in
1598 947 1827 1000 arboribus
1842 953 2099 1004 alternatim
2112 975 2262 1008 erum·

470 1036 581 1088 punt
599 1053 610 1089 3
648 1027 708 1071 ita
726 1026 945 1071 miramur
962 1026 1006 1070 in
1019 1023 1169 1087 populo,
1194 1022 1319 1082 lauro,
1332 1021 1526 1082 avellam,
1543 1023 1708 1071 limoniis
1721 1026 1848 1088 malis,
1877 1029 1970 1077 rubo
1981 1035 2130 1094 canino,
2144 1034 2263 1100 etsta.

471 1099 564 1157 ucis,
580 1102 627 1144 &
642 1097 808 1164 jujubu:
842 1100 892 1144 In
912 1097 977 1145 his
993 1093 1264 1163 quandoque
1289 1090 1400 1142 folia
1426 1113 1618 1144 numero
1630 1098 1790 1163 viginti
1805 1101 1890 1147 tria
1913 1102 2109 1168 pendent
2127 1104 2261 1156 alter.

473 1168 528 1215 na
544 1174 795 1237 eruptione,
817 1176 863 1218 &
877 1187 975 1239 quae
992 1167 1193 1218 mediam
1211 1167 1369 1217 surculi
1382 1171 1616 1236 regionem
1642 1185 1875 1237 occupant,
1898 1177 2096 1225 auctiora
2121 1184 2170 1226 &
2197 1179 2263 1228 la-

472 1245 597 1291 xiora
612 1244 724 1308 sunt,
736 1244 908 1312 reliqua
920 1246 1112 1292 minora.
1182 1242 1304 1291 Folia
1328 1242 1591 1294 alternatim
1617 1246 1758 1292 etiam
1773 1250 2058 1314 erumpentia
2077 1268 2172 1300 non
2186 1253 2263 1303 de-

473 1320 760 1366 terminatum
794 1332 1013 1386 occupant
1024 1316 1174 1379 fitum,
1202 1321 1263 1366 ita
1274 1331 1323 1364 ut
1336 1315 1461 1373 ducteg
1476 1319 1652 1385 gemine
1686 1316 1797 1374 linee
1808 1322 1920 1376 reste
1930 1337 2010 1388 per
2022 1321 2161 1374 latera
2174 1322 2265 1375 sur-

470 1389 557 1437 culi
574 1391 598 1438 a
612 1389 701 1439 basi
715 1391 770 1439 ad
786 1395 963 1460 apicem
977 1394 1132 1440 omnia
1146 1407 1437 1459 contangant,
1464 1388 1535 1438 sed
1550 1393 1680 1441 vario
1693 1391 1850 1441 ordine
1859 1391 2059 1445 locantur
2071 1429 2084 1465 5
2120 1400 2183 1448 ita
2194 1416 2262 1450 ta-

473 1482 581 1511 men
597 1506 609 1527 ,
643 1482 692 1513 ut
707 1468 752 1513 in
766 1464 989 1534 aliquibus
1003 1467 1127 1515 tertia
1139 1480 1328 1534 quaeque
1342 1465 1517 1534 eruptio
1531 1460 1609 1513 sub
1620 1464 1781 1514 eadem
1795 1464 2036 1519 direc‘tione
2048 1469 2156 1520 adfit
2170 1504 2184 1541 3
2204 1476 2266 1524 in

472 1538 568 1587 aliis
583 1556 750 1603 autem,
768 1559 815 1591 ut
825 1545 870 1589 in
883 1561 1039 1608 quercu,
1051 1539 1131 1589 ubi
1143 1537 1319 1607 copiosa
1332 1538 1550 1607 prodeunt
1567 1538 1625 1587 ab
1642 1538 1845 1607 oblongo
1858 1540 2032 1593 surculo
2043 1540 2171 1610 folia,
2193 1566 2266 1597 re..

472 1614 738 1663 {titudinem
767 1615 1107 1683 symmetricam
1122 1612 1351 1662 difficulter
1364 1616 1630 1664 invenimus.
1699 1617 1750 1662 In
1761 1616 1907 1664 cinarae
1918 1617 2063 1681 caule,
2088 1619 2249 1679 costulg

474 1685 632 1753 quibus
650 1688 789 1756 lignee
802 1686 906 1744 fibrcg
916 1686 1235 1747 custodiuntur,
1250 1685 1396 1734 taliter
1410 1688 1435 1734 a
1450 1690 1663 1753 penitiori
1674 1687 1808 1735 caulis
1816 1705 2003 1756 corpore
2014 1671 2266 1763 emergunt:

473 1764 520 1805 &
535 1761 749 1827 producta
769 1761 954 1809 tandem
970 1763 1017 1807 in
1040 1756 1134 1807 folii
1165 1757 1429 1826 pediculum
1441 1757 1728 1808 absumuntur
1744 1798 1757 1821 ,
1789 1775 1838 1808 ut
1853 1764 2018 1829 cuique
2044 1759 2265 1816 facilein·

471 1832 680 1897 notescat,
697 1830 806 1883 folia
820 1833 918 1884 fieri
934 1831 1264 1901 emergentibus
1298 1831 1454 1880 senfim
1467 1832 1645 1879 costulis
1660 1838 1706 1879 &
1722 1830 1843 1881 fibris
1865 1831 1891 1881 a
1904 1831 2127 1901 profiindo
2137 1841 2266 1891 caule

474 1912 521 1953 δε
537 1907 746 1955 caudice:
783 1912 913 1958 Nam
941 1907 1036 1956 folii
1064 1905 1268 1974 pediolus
1292 1908 1518 1974 congeries
1543 1906 1607 1955 est
1633 1903 1906 1954 costularum
1929 1912 1978 1957 &
1993 1906 2238 1963 fistularum
2247 1955 2266 1981 ‚

466 1996 660 2046 quarum
675 1984 825 2049 portio
838 1979 966 2050 supra
974 1983 1239 2048 proximum
1261 1977 1423 2029 folium
1449 1982 1655 2047 emergit,
1678 1986 1739 2029 .&
1752 1979 1887 2028 caulis
1900 1986 2171 2035 exteriorem
2184 2007 2263 2038 ex-

464 2055 571 2100 citat
589 2058 849 2121 regionem,
885 2053 1042 2120 reliqui
1062 2053 1171 2100 vero
1199 2050 1347 2100 fibrosi
1365 2049 1559 2100 fasciculi
1585 2051 1760 2118 longius
1775 2069 2021 2122 emergunt.

236 2123 363 2173 Tin.
385 2141 397 2171 1
415 2140 454 2187 ς.
536 2131 601 2175 Ita
615 2131 660 2175 in
676 2130 785 2177 malis
798 2130 960 2177 timoniis
973 2133 1020 2175 &
1036 2130 1222 2175 aurantiis
1236 2145 1317 2188 77,
1342 2124 1501 2175 obtufis
1530 2123 1802 2192 quibusdam
1824 2130 2079 2178 eminentiis
2091 2130 2263 2185 striatus

464 2199 646 2250 efficitur
659 2202 845 2251 tenellus
874 2199 1097 2268 surculus3
1133 2199 1262 2268 ipsius
1278 2202 1404 2249 enim
1430 2198 1713 2268 segmentum
1727 2199 1939 2269 angulare
1950 2221 2109 2273 corpus
2136 2209 2262 2259 Ade-

466 2273 631 2342 signat3
667 2275 880 2323 fibrarum
902 2271 1105 2334 fasciculi,
1130 2277 1271 2340 quiin
1298 2271 1405 2322 folia
1433 2274 1636 2340 elongari
1662 2272 1855 2337 debent,
1889 2275 2045 2326 senfim
2072 2279 2263 2350 aligneo

466 2348 671 2415 cylindro
708 2351 910 2397 eminent
944 2341 1071 2413 supra
1101 2341 1263 2393 folium
1292 2347 1332 2392 Β
1350 2385 1364 2407 ,
1394 2351 1441 2393 &
1479 2346 1594 2392 resta
1630 2345 1836 2410 produCti
1852 2386 1868 2409 ,
1903 2346 2112 2416 superatis
2148 2370 2258 2421 qua.

470 2440 567 2471 tuor
606 2420 719 2470 foliis
746 2425 776 2470 C
798 2464 811 2486 ,
855 2419 1037 2469 tandem
1067 2421 1113 2466 in
1148 2417 1406 2487 pediculum
1430 2420 1474 2466 D
1500 2415 1791 2467 absumuntur
1809 2459 1823 2481 ,
1857 2423 1906 2467 &
1936 2422 1998 2468 ita
2025 2419 2076 2471 fit
2099 2425 2146 2472 in
2170 2425 2257 2476 fin-

463 2494 590 2562 gulis.

526 2570 652 2617 Tam
668 2568 789 2618 varie
808 2566 1140 2635 configurantur
1153 2560 1261 2618 folia
1273 2566 1320 2611 in
1331 2562 1506 2632 lingulis
1529 2562 1855 2631 vegetantibus,
1887 2579 2073 2633 tamque
2093 2568 2256 2638 dispari

459 2643 769 2711 magnitudine
784 2642 1003 2691 donantur
1022 2683 1035 2706 ,
1068 2655 1116 2687 ut
1130 2637 1399 2708 impoffibile
1432 2637 1483 2687 fit
1497 2636 1553 2687 ad
1569 2648 1709 2688 certas
1737 2656 1916 2690 normas
1942 2638 2110 2710 singula
2126 2644 2255 2694 redu-

460 2733 558 2763 cere
579 2735 589 2764 :
628 2715 1018 2783 Principalioribus
1051 2731 1206 2763 tamen
1242 2728 1471 2761 contentus
1487 2753 1501 2774 ,
1534 2708 1750 2779 quasdam
1786 2730 2012 2781 exponam
2039 2712 2256 2767 foliorum

462 2788 627 2840 formas
633 2832 645 2854 ,
660 2809 750 2839 non
766 2807 814 2838 ut
827 2808 986 2858 genera
999 2790 1254 2857 plantarum
1266 2803 1331 2834 tot
1346 2785 1637 2837 carasteribus
1654 2785 1856 2835 distineita
1869 2788 2153 2852 constituam,
2180 2789 2254 2840 sed

458 2880 506 2911 ut
521 2867 636 2913 rudis
652 2868 828 2928 notitia,
850 2861 1056 2913 facilioris
1080 2860 1381 2928 intelligentiae
1395 2861 1549 2929 gratia,
1565 2859 1802 2923 habeatur,-
1827 2860 1927 2908 ideo
1944 2860 2001 2910 ab
2014 2861 2252 2915 universali

461 2944 767 3006 vegetantium
794 2938 946 2986 ordine
962 2936 1169 3004 quaedam
1195 2932 1391 3001 seligam.

529 3016 728 3061 Minima
754 3016 904 3080 itaque
933 3018 979 3060 &
1004 3009 1318 3078 fimpliciffima
1339 3006 1400 3055 est
1427 3003 1574 3055 forma
1590 3010 1635 3056 in
1648 3007 1818 3129 εαρνεέῙο
1831 3011 1912 3072 78,
1943 3013 2063 3078 cujus
2079 3008 2250 3072 foliola,

468 3085 568 3134 licet
587 3085 783 3154 separata
809 3101 1096 3153 nequaquam
1123 3081 1362 3151 pendeant,
1391 3078 1566 3127 surculis
1585 3097 1738 3130 tamen
1782 3088 1991 3144 aerent,&
2007 3101 2163 3131 veram
2181 3082 2248 3133 fo-

469 3156 631 3207 liorum
650 3156 842 3209 referunt
854 3175 1061 3206 naturam
1078 3188 1088 3222 3
1105 3158 1128 3203 a
1142 3172 1270 3204 ramo
1283 3157 1407 3203 enim
1428 3159 1465 3203 A
1477 3171 1720 3222 erumpunt
1748 3151 1858 3203 folia
1878 3155 1920 3202 Β
1933 3153 2065 3202 craffa
2079 3160 2126 3203 &
2139 3159 2248 3205 viri-

470 3229 543 3276 dia
577 3232 719 3280 latiori
746 3247 905 3279 exortu
935 3237 982 3279 &
1008 3226 1164 3277 obtuso
1188 3233 1341 3296 apice3
1378 3225 1565 3275 surculus
1592 3232 1754 3294 pariter
1783 3244 2009 3294 emergens
2029 3226 2248 3277 hincinde

469 3300 627 3350 foliisC
638 3309 894 3374 contegitur.
963 3306 1096 3371 Lign‘i
1123 3301 1314 3369 subjecta
1347 3300 1581 3349 substantia
1599 3319 1758 3368 parum
1785 3300 2244 3369 elongatur,gemma-

471 3396 567 3424 rum
586 3376 731 3437 instar,
749 3387 795 3427 &
819 3377 975 3427 foliola
999 3381 1043 3426 D
1059 3395 1219 3445 parum
1234 3373 1551 3436 excrescunt,&
1571 3373 1673 3422 loco
1697 3373 1868 3441 petioli,
1891 3373 2157 3422 costularum
2178 3388 2245 3421 tu-

469 3470 613 3501 mores
633 3456 688 3515 E,
714 3452 738 3500 a
753 3452 920 3502 surculo
935 3469 1226 3521 emergentes,
1241 3451 1416 3501 habent.
1484 3456 1620 3516 Supra
1633 3465 1806 3498 exarata
1822 3446 1975 3496 foliola
2005 3446 2122 3494 statis
2139 3445 2245 3500 locis

470 3544 589 3577 nova
604 3520 901 3573 manifestatur
916 3544 1113 3591 gemma,
1130 3543 1212 3592 que
1226 3544 1381 3592 parem
1400 3524 1569 3573 sortitur
1583 3520 1867 3590 progreffiim.

2192 3597 2241 3641 In
