2638 3926
1053 202 1150 267 De
1189 207 1442 267 Seminum
1473 208 1531 267 V
1526 216 1806 292 egetatione.

548 345 635 407 dia
658 343 814 425 spatia
836 339 1179 401 utriculorum
1195 339 1469 398 ordinibus
1487 356 1522 417 p
1548 343 1819 423 replentur.
1895 343 2032 408 Haec
2057 347 2251 419 omnia,
2277 345 2410 406 sedto

548 453 635 512 per
661 427 879 509 longum
916 424 1075 496 caule,
1120 440 1330 504 patent,
1377 420 1596 481 fasciculi
1632 429 1814 485 etenim
1853 430 2138 492 fistularum
2179 453 2211 512 q
2248 432 2414 491 mani-

549 511 823 572 festantur:
878 504 1143 589 appendix
1189 528 1401 588 quoque
1449 504 1706 567 corticalis
1756 531 1783 564 r
1830 515 1883 569 &
1924 515 2076 576 radix
2103 515 2157 596 s
2182 514 2417 597 gracilior

549 616 739 658 trunco
769 609 1064 651 occurrunt.
1153 589 1381 652 Exarati
1421 590 1702 652 fistularum
1742 589 1960 652 fasciculi
1987 600 2038 654 in
2073 602 2217 680 apice
2243 598 2417 675 caulis,

546 682 636 741 ubi
677 674 935 736 seminalia
977 673 1102 735 folia
1143 674 1390 758 pendent,
1431 675 1779 758 implicantur,
1820 694 1882 737 ut
1924 679 1978 737 in
2019 679 2218 760 reliquis
2263 683 2417 746 nodis

542 762 765 833 accidit,
813 757 1149 843 ipsorumque
1172 762 1440 843 portiones
1463 762 1516 819 in
1540 784 1813 842 gemmam,
1853 760 2031 846 reliqui
2056 766 2105 823 in
2135 761 2278 841 folia,
2326 768 2418 827 ab·

540 847 839 917 sumuntur3
888 844 1080 905 horum
1111 863 1301 919 tamen,
1343 862 1406 903 ut
1435 846 1609 928 potui,
1640 844 1974 907 dimidiatum
2001 850 2323 932 progressum
2346 854 2419 911 in-

543 933 730 992 dicavi.
820 928 955 990 Tres
1003 932 1163 1014 igitur
1203 927 1425 989 fasciculi
1463 946 1486 987 t
1523 926 1719 989 caulem
1764 950 2103 1009 excurrentes,
2152 931 2421 994 subdivisis

545 1015 741 1091 fistulis,
783 1013 972 1097 quibus
996 1032 1416 1099 componuntur,
1450 1035 1653 1074 novam
1677 1012 2081 1096 produitionem
2108 1022 2420 1100 germinant,

547 1103 578 1161 a
616 1100 803 1185 quibus
830 1097 1051 1160 fasciculi
1080 1098 1274 1183 septem
1305 1122 1340 1159 u
1371 1097 1593 1160 costulas
1623 1096 1738 1159 folii
1765 1101 2052 1160 excitantes
2089 1107 2419 1165 exoriuntur.

547 1186 647 1246 Ab
683 1187 786 1245 hoc
827 1183 1016 1245 eodem
1054 1185 1205 1246 nodo
1242 1182 1463 1245 interius
1502 1182 1613 1243 aliae
1651 1185 2051 1267 germinationes
2090 1185 2340 1248 fibrarum
2367 1192 2423 1250 in

547 1293 809 1356 gemmam
825 1270 1147 1330 derivantur.
1238 1266 1450 1331 Taliter
1481 1267 1698 1330 adauc‘ka
1721 1266 2034 1330 Cucurbitae
2055 1269 2235 1353 planta
2257 1275 2423 1334 traflu

549 1357 802 1439 temporis
858 1353 998 1415 suam
1041 1353 1223 1416 sortita
1272 1353 1689 1435 magnitudinem
1704 1406 1721 1431 ,
1785 1353 1983 1416 seminis
2027 1355 2424 1438 produffionem

550 1439 803 1522 complet,
844 1445 897 1500 ὃ(
925 1442 1134 1501 interim
1162 1456 1525 1521 temporanea,
1567 1437 1649 1499 seu
1674 1437 1934 1500 seminalia
1959 1439 2085 1500 folia
2099 1439 2424 1523 gracilescen-

549 1526 626 1586 do
668 1523 1059 1585 contabescunt.
1148 1521 1429 1584 Consimili
1482 1522 1749 1607 progressu
1797 1541 2045 1606 vegetant
2102 1523 2419 1608 Raparurn,

550 1610 834 1694 Raphani,
879 1608 1125 1670 Ladiucae
1161 1615 1214 1669 ὃ(
1255 1607 1496 1670 fimilium
1534 1608 1740 1684 flemina,
1781 1630 2007 1691 quorum
2029 1608 2275 1670 incubata
2300 1633 2424 1672 caro

554 1700 608 1755 in
634 1699 894 1778 ingentem
920 1693 1173 1755 foliorum
1194 1693 1614 1776 magnitudinem
1632 1692 1927 1755 extuberat.

639 1865 983 1949 Phaseolorum
1006 1890 1114 1929 ova
1136 1867 1254 1953 (2.)
1272 1865 1356 1929 seu
1392 1866 1650 1928 stminales
1672 1864 1942 1951 plantulae,
1980 1866 2172 1950 parum
2193 1866 2425 1929 difformi

555 1956 914 2014 mutationum
939 1951 1057 2015 serie
1080 1954 1348 2014 commissa
1374 1971 1525 2016 terrae
1547 1971 1808 2037 vegetant.
1851 1950 1983 2012 Post
2004 1951 2143 2012 diem
2164 1954 2425 2037 integrum

557 2037 852 2115 incubatfiS,
893 2061 1081 2113 ovum,
1121 2037 1204 2098 seu
1236 2037 1402 2100 semen
1428 2057 1600 2122 turget
1614 2062 1631 2111 ,-
1675 2036 1929 2122 nullaeque
1950 2059 2091 2120 rugae
2117 2039 2172 2097 in
2195 2036 2425 2098 secundi-

558 2146 625 2181 na
662 2120 952 2205 supersunt:
993 2122 1212 2186 fenestra
1241 2125 1386 2187 hians
1426 2123 1667 2207 turgidos
1703 2124 1860 2185 offert
1898 2120 2118 2182 inclusos
2156 2122 2423 2184 utriculos·

557 2205 749 2266 Mollis
773 2208 845 2268 est
870 2208 1165 2282 secundina,
1205 2215 1259 2269 &
1294 2209 1498 2270 macula
1523 2207 1798 2270 fenestram
1822 2205 2069 2281 ambiens,
2110 2205 2239 2266 olim
2262 2211 2426 2291 nigra,

561 2291 799 2352 violacea
826 2292 1076 2353 redditur.
1162 2291 1287 2352 Hac
1308 2292 1489 2353 avulsa
1512 2291 1758 2353 seminalis
1777 2309 2025 2352 contenta
2056 2288 2292 2371 plantula
2318 2314 2424 2352 ma—

561 2374 848 2454 nifestatur,
887 2399 1003 2460 quae
1044 2376 1277 2437 subdulci
1321 2377 1484 2459 pollet
1520 2374 1718 2457 sapore.
1805 2373 2045 2431 Geminis
2089 2369 2225 2431 foliis
2268 2373 2329 2432 A
2353 2373 2423 2434 se-

562 2461 852 2535 minalibuS,
892 2469 945 2521 ὃ(
975 2461 1121 2523 caule
1157 2459 1208 2519 B
1248 2459 1612 2544 conglobatur.
1703 2456 1925 2518 Interius
1954 2476 2156 2538 gemma
2179 2454 2311 2517 binis
2334 2481 2424 2519 ex-

563 2542 730 2625 pansis
767 2543 956 2604 foliolis
990 2548 1034 2605 C
1074 2545 1331 2628 sulphurei
1369 2544 1561 2605 coloris
1591 2542 1896 2615 custoditur,
1936 2561 2048 2622 quae
2077 2538 2144 2598 ab
2183 2560 2425 2604 extremo

561 2628 736 2703 caulis,
776 2627 924 2712 supra
943 2628 1197 2689 foliorum
1215 2628 1527 2690 seminalium
1552 2625 1998 2709 implantationem
2026 2644 2249 2707 vegetat.
2335 2627 2423 2689 ln-

560 2711 719 2772 ferius
736 2715 890 2775 caulis
915 2715 976 2772 D
997 2738 1118 2775 cum
1141 2717 1446 2774 continuata
1468 2710 1642 2771 radice
1665 2710 1955 2794 elongatur,
1982 2712 2073 2791 qui
2098 2732 2190 2791 per
2207 2709 2423 2795 longum

558 2795 733 2873 sestuS,
773 2799 1064 2881 ligneorum
1086 2797 1444 2857 fasciculorum
1463 2794 1780 2880 progressum
1813 2795 1864 2855 E
1896 2792 2129 2868 exhibet,
2170 2794 2314 2856 intus
2335 2818 2422 2857 ve-

561 2884 622 2940 ro
649 2882 953 2943 medullares
976 2880 1178 2942 utriculi
1202 2881 1514 2942 conduntur.

646 2965 863 3029 Triduo
877 2968 951 3028 ela
955 2966 1067 3050 pst),
1080 2967 1263 3028 radicis
1280 2990 1420 3049 apex
1434 2965 1508 3041 F,
1521 2965 1652 3027 fasta
1668 2964 1801 3025 infra
1814 2963 2081 3024 fenestram
2096 2963 2422 3041 laceratione,

571 3054 811 3133 erumpit.
880 3052 1075 3114 Radix
1102 3051 1216 3111 alba
1241 3055 1294 3112 in
1318 3055 1649 3112 extremitate
1674 3049 1932 3111 interdum
1955 3046 2175 3109 virescit.
2231 3047 2422 3111 Secun-

566 3135 688 3195 dina
714 3136 883 3195 mollis
911 3137 998 3214 est,
1038 3143 1090 3198 ὃ(
1124 3136 1348 3217 gracilis3
1392 3136 1528 3197 unde
1555 3136 1619 3197 de
1651 3134 1790 3196 facili
1813 3134 2081 3210 laceratur,
2123 3131 2423 3218 nullumque

567 3221 762 3279 excitat
789 3221 1038 3303 saporem.
1125 3221 1399 3282 Seminalia
1435 3220 1561 3282 folia
1599 3220 1807 3281 subalba
1842 3219 2060 3279 interius
2084 3240 2319 3279 concava
2347 3219 2421 3294 G,

567 3304 751 3364 rorido
779 3306 990 3365 madent
1030 3306 1223 3383 ichore,
1263 3312 1316 3367 ὃς
1355 3305 1480 3367 stedia
1518 3303 1759 3391 glutinosi
1795 3303 2027 3364 humoris
2053 3320 2228 3385 guttas
2262 3302 2423 3364 effun-

568 3387 712 3447 dunt.
801 3388 1026 3450 Trunco
1047 3388 1115 3446 H
1134 3395 1520 3468 continuantur,
1563 3393 1654 3473 qui
1680 3390 1922 3451 tortuose
1944 3390 2148 3460 duetus,
2184 3386 2424 3447 deorsum

569 3471 765 3545 fertur,
809 3474 1048 3557 intusque
1092 3474 1334 3536 fasciculis
1371 3477 1568 3559 ligneiS,
1617 3480 1669 3537 3<
1708 3474 2051 3535 utriculorum
2087 3470 2357 3532 ordinibus
2393 3470 2429 3529 I

570 3556 786 3616 constat.
871 3558 1152 3619 Transaeffi
1175 3561 1358 3644 quarta
1381 3562 1481 3638 die,
1506 3559 1786 3621 secundinae
1811 3557 2062 3619 subrubris
2077 3555 2287 3616 maculis
2311 3557 2424 3615 insi-

573 3643 807 3717 ciuntur,
852 3640 1056 3723 subjeffi
1104 3644 1281 3706 sacculi
1323 3646 1492 3707 adhuc
1526 3663 1760 3727 turgent,
1810 3650 1862 3703 ὅ(
1897 3638 2134 3725 plantulae
2175 3639 2342 3782 cauus}
2363 3638 2422 3696 l<

2202 3747 2286 3782 cra
2331 3744 2424 3799 ior,
