2638 3926
830 218 931 282 De
957 223 1213 281 Sentinum
1245 220 1304 277 V
1297 227 1576 302 egetatione.

219 362 383 420 tinent
400 411 415 434 ,
469 363 521 416 ὅ(
564 353 857 414 subdulcem
894 352 1178 413 humorem.
1265 346 1506 409 Plantula
1546 355 1834 430 patentiora
1870 350 2025 414 habet

219 442 407 504 stabilia
446 439 568 500 folia
608 437 696 512 H,
742 443 795 499 &
833 460 926 520 per
961 437 1178 521 longum
1215 432 1356 508 festa,
1399 432 1430 490 ὲ
1467 432 1640 493 fistulis
1674 438 1805 494 circa
1830 438 2024 498 medul-

222 527 321 586 lam
346 525 381 583 I
391 520 702 608 glutinosum
725 522 1014 594 humorem,
1057 518 1276 602 aerisque
1297 515 1460 578 bullas
1481 517 1669 595 fiindir,
1709 524 1764 578 &
1781 540 2026 581 exaratus

219 614 272 670 in
297 612 441 693 apice
472 608 760 691 diaphanus
781 608 989 679 humor,
1030 603 1263 686 pellicula
1297 601 1563 663 conclusus
1594 602 1768 664 adhuc
1797 603 2026 688 perleve—

220 714 313 755 rat.

302 775 468 839 Circa
549 777 748 834 uintam
782 773 920 831 diem
968 769 1252 832 secundina:
1297 770 1478 831 molles
1508 769 1640 846 stmt,
1685 777 1738 833 ὃ(
1771 770 1992 832 friabiles
2013 817 2026 844 ‚

220 884 379 946 quare
412 861 478 920 de
511 799 647 916 slacili
675 856 984 931 lacerantur,
1025 856 1305 940 earumque
1336 856 1485 916 color
1518 854 1683 916 fuscus
1715 856 1803 932 est,
1842 856 2030 940 quibus

221 945 405 1007 avulfis
422 941 652 1025 plantula
677 944 910 1025 emergit,
949 939 1092 1022 cujus
1116 943 1271 1003 radix
1292 940 1354 1000 Κ
1377 939 1660 1023 oblongior
1683 940 1787 1020 jam
1809 944 1862 1001 in
1887 945 2032 1023 apice

221 1031 378 1102 lutea,
417 1021 594 1085 senfim
618 1023 852 1098 virescit3
893 1026 1142 1109 reliquum
1180 1029 1308 1088 verb
1333 1025 1510 1087 album
1531 1025 1617 1085 est.
1709 1023 1941 1086 Pediculi
1981 1025 2032 1086 L

225 1114 473 1174 foliorum
511 1108 723 1185 subalbi,
765 1112 1069 1193 curvarique
1106 1110 1434 1193 elongantur,
1473 1116 1528 1170 ὃ(
1567 1109 1914 1183 diducuntur3
1956 1110 2032 1170 ita

221 1217 283 1258 ut
319 1194 638 1279 pedetentim
671 1195 841 1267 caulis,
884 1199 936 1255 ὅ(
974 1215 1179 1276 gemma
1214 1212 1508 1254 exerantur.
1595 1191 1868 1254 Seminalia
1910 1191 2035 1254 folia

222 1279 432 1342 subalba
453 1276 688 1351 reddita3
730 1278 900 1354 laevia,
941 1284 990 1339 ἃ
1011 1278 1180 1340 lucida
1197 1277 1329 1352 sunt,
1370 1276 1665 1337 &interius
1683 1297 1801 1337 rore
1822 1278 2035 1338 madida

223 1363 604 1426 consistentiam
643 1363 850 1439 habent,
893 1362 1216 1446 lacerataque
1253 1359 1566 1446 glutinosum
1594 1361 1821 1422 reddunt
1852 1363 2037 1423 humo·

224 1470 356 1524 rem,
396 1450 484 1531 qui
520 1447 743 1508 eundem
783 1447 1004 1531 pollidet
1034 1447 1286 1530 saporem,
1323 1445 1530 1530 qualem
1577 1447 1630 1504 in
1660 1446 1812 1506 viridi
1854 1446 2039 1507 semine

226 1535 543 1615 experimur.
628 1529 812 1590 Caulis
833 1532 919 1589 M
939 1530 1114 1591 sensim
1142 1548 1374 1614 augetur,
1416 1528 1625 1613 ejusque
1650 1552 1853 1613 gemma
1872 1530 2039 1592 sublu-

227 1636 329 1689 tea,
371 1621 425 1676 &
460 1618 677 1688 audior,
721 1617 775 1675 in
805 1614 929 1675 folia
951 1613 1113 1677 laxari
1152 1618 1347 1696 incipit.
1436 1613 1583 1674 Secia
1605 1634 1699 1696 per
1719 1613 1937 1697 longum
1962 1637 2039 1675 ra-

226 1703 359 1771 dice,
401 1697 652 1757 fibrarum
673 1697 891 1759 fasciculi
918 1717 1011 1779 per
1038 1703 1230 1756 rectum
1257 1697 1396 1756 dusti
1426 1702 1477 1755 in
1502 1696 1753 1755 foliorum
1775 1699 2042 1780 pediculos

226 1785 282 1846 L
305 1787 728 1865 exporriguntur.
816 1780 1107 1841 Extremus
1125 1778 1347 1861 ejusdem
1373 1800 1516 1862 apex
1537 1778 1605 1837 N
1621 1774 1814 1863 (prout
1833 1780 2044 1842 obscure

228 1867 528 1950 attingitur)
550 1867 716 1926 taliter
739 1869 1092 1949 componitur.
1176 1863 1546 1946 Cylindricum
1564 1882 1759 1947 corpus
1783 1866 1828 1924 0
1854 1864 2044 1941 listune,

229 1957 285 2014 &
309 1950 526 2011 tracheis
558 1966 1002 2034 coagmentatum,
1043 1951 1251 2010 corticis
1293 1947 1520 2010 utriculis
1558 1947 1607 2005 P
1641 1946 1909 2008 lateraliter
1947 1951 2044 2008 cir-

229 2033 552 2110 cumdatum,
595 2056 705 2096 non
740 2051 1037 2095 extremum
1066 2033 1249 2096 radicis
1278 2037 1524 2115 attingit3
1565 2027 1649 2093 sed
1687 2030 1869 2091 conica
1905 2030 2047 2114 quasi

231 2117 490 2266 {Erginuklzfg
533 2126 587 2182 δε
610 2118 899 2204 appendice
920 2117 1258 2203 leutinoso
1277 2115 1465 2178 referta
1482 2115 1702 2177 humore
1724 2118 2049 2191 terminatur,

318 2226 407 2264 am
445 2222 565 2264 Itur.

320 2286 611 2368 Completa
647 2285 860 2366 sepum&
891 2286 996 2362 die,
1042 2286 1324 2347 secundinae
1359 2281 1648 2367 plantulam
1680 2282 1852 2344 adhuc
1887 2282 2048 2344 ambi-

237 2386 354 2443 unt,
396 2373 450 2427 &
477 2384 836 2449 erumpentem
871 2370 1115 2439 radicem,
1157 2363 1461 2447 caulemque
1493 2365 1804 2427 admittunt.
1897 2366 2051 2428 Utri-

241 2451 478 2513 culorum
505 2449 779 2532 vestigium
798 2451 897 2508 vix
910 2445 1147 2532 luperest2
1187 2465 1534 2532 praeterquam
1550 2453 1603 2511 in
1620 2454 1823 2532 vagina.
1898 2448 2052 2511 Plan-

238 2535 365 2596 tulae
395 2534 551 2596 radix
585 2532 647 2594 R
681 2531 1066 2616 longitudinem
1088 2532 1270 2594 indicis
1297 2532 1508 2616 adepta,
1549 2535 1789 2595 tortuose
1816 2534 2052 2597 ducitur:

244 2618 478 2680 exterius
511 2616 853 2679 utriculorurn
887 2617 1160 2678 ordinibus
1190 2614 1683 2702 perpendiculariter
1713 2619 1896 2680 locatis
1927 2642 2052 2680 con»

246 2707 458 2788 tegitur,
499 2704 589 2786 qui
622 2700 939 2785 inaequaliter
968 2704 1023 2762 in
1058 2702 1162 2763 fine
1184 2707 1549 2778 terminantur,
1588 2702 1882 2787 eorumque
1903 2701 2055 2764 color

247 2787 518 2849 subviridis
557 2785 658 2848 est:
699 2786 792 2870 pili
829 2781 999 2847 senfirn
1046 2803 1341 2871 erumpunt.
1428 2785 1610 2848 Caulis
1648 2788 1688 2847 S
1729 2792 1959 2872 erigitur,-
1999 2793 2053 2848 8<

248 2869 435 2933 folium
458 2867 516 2932 T
551 2869 856 2946 liibluteum,
897 2890 1158 2955 gemmam
1194 2871 1324 2931 olim
1356 2871 1647 2933 custodiens
1662 2923 1679 2947 ,
1739 2872 2052 2933 extenditur.

253 2955 528 3018 Seminalia
549 2955 674 3017 folia
687 2954 912 3016 sublutea
934 2955 1065 3016 cauli
1081 2959 1453 3017 continuantur
1477 2956 1741 3040 pediculiS,
1782 2960 1871 3038 qui
1891 2954 2053 3014 fibro-

253 3039 316 3100 fis
352 3039 592 3101 fasciculis
627 3058 1087 3123 coagmentantur,
1128 3046 1182 3101 &
1210 3039 1555 3102 utriculorum
1590 3039 1876 3114 ordinibus,
1917 3038 2056 3099 unde

256 3119 466 3185 videtur
500 3124 680 3186 eadem
713 3125 963 3189 foliorum
993 3129 1299 3186 continuata
1327 3125 1483 3187 crassa
1517 3123 1818 3185 substantia:
1868 3121 2058 3184 Patent

257 3225 433 3268 autem
459 3206 653 3285 fistulae,
695 3215 748 3271 &
772 3210 989 3271 tracheae
1005 3210 1036 3268 a
1060 3209 1201 3269 caule
1215 3213 1269 3270 in
1285 3209 1409 3271 folia
1431 3207 1713 3292 producitae,
1754 3207 2060 3269 laceratione

261 3293 443 3353 media.
527 3289 589 3352 A
624 3294 765 3355 caule
801 3297 854 3354 in
890 3293 1250 3377 pediculorum
1273 3293 1444 3365 axilla,
1484 3296 1537 3351 ὅ(
1558 3291 1872 3375 quandoque
1895 3292 1962 3353 ab
1986 3291 2060 3352 iis-

262 3376 382 3436 dem
401 3377 653 3461 elongatis
674 3377 936 3460 pediculiS,
978 3381 1189 3462 geminae
1204 3390 1482 3458 erumpunt
1498 3394 1714 3459 gemmae
1735 3376 1790 3434 V
1808 3374 2060 3459 sulphurei

266 3460 484 3533 coloris;
528 3464 762 3539 minimiS,
805 3470 857 3523 &
880 3463 1149 3546 gracilibus
1171 3476 1548 3544 coagmentatae
1573 3460 1779 3522 foliolis.

354 3543 477 3604 Post
500 3545 763 3629 septimam
783 3547 920 3607 diem
943 3550 1094 3610 caulis
1116 3546 1263 3629 supra
1286 3564 1472 3605 terram
1497 3563 1731 3627 apparet,
1772 3550 1825 3605 ὅ(
1849 3543 1973 3604 folia
2000 3538 2065 3598 X

269 3626 454 3688 viridia
480 3628 653 3690 senfim
670 3629 856 3692 latiora
883 3631 1041 3694 hiant.
1124 3629 1428 3692 Secundinae
1458 3627 1799 3713 semiputridae
1822 3624 2064 3687 seminali-

1971 3710 2066 3770 bus
