2600 3952
884 203 1194 271 QAnatome
1221 200 1572 276 Plantarum,
2214 223 2275 285 17

321 343 538 376 coronam
554 331 606 388 A,
621 327 757 374 exteri
765 335 890 372 orem.
916 321 1050 370 caulis
1079 338 1254 388 partem
1270 324 1608 374 constituentem
1635 325 1660 372 a
1679 323 1844 370 cortice
1860 321 1900 368 Β
1913 323 2100 371 circuma

320 397 492 463 datam,
509 403 577 449 cui
595 401 729 467 lignei
751 399 913 464 pariter
941 393 1133 441 fasciculi
1148 396 1179 440 C
1192 395 1497 460 adnectuntur,
1519 418 1596 466 per
1622 395 1872 447 medullam
1902 396 2101 463 peculia-

321 475 384 521 ria
396 473 572 523 vascula
586 477 628 520 D
642 469 915 520 disseminata
927 465 1104 514 exhibet
1122 498 1133 532 5
1169 466 1260 514 haec
1272 482 1492 516 autumno
1518 477 1566 517 δι
1579 471 1740 537 hyeme
1752 487 1969 519 concreto.
1985 469 2101 518 mel-

319 545 378 594 lei
395 548 554 596 coloris
569 543 696 592 succo
713 541 889 590 scatent.

385 614 867 684 Vasbrumhujusmodi
898 610 1174 682 progressum
1192 616 1238 660 in
1255 613 1420 681 plantis
1441 612 1724 680 illis,quibus
1752 615 1913 680 succus,
1942 613 2101 665 omissa

319 691 642 758 diaphaneitate
658 730 671 752 ,
697 691 827 738 vario
838 686 1028 737 inficitur
1055 686 1233 749 colore,
1261 689 1415 735 mirari
1428 687 1602 735 tantum
1615 686 1728 734 licet.
1797 691 1845 736 In
1874 694 2099 739 cinaraeita⁴

317 780 407 831 que
422 763 569 831 lignea
596 765 800 831 portione
818 781 836 825 3
853 782 867 811 1
897 761 1134 829 nonlonge
1160 759 1399 809 amedulla
1429 779 1506 828 per
1534 759 1721 828 longum
1747 758 1924 808 vascula
1951 761 2039 809 haec
2055 768 2109 813 A

318 853 524 885 mutuam
536 834 853 886 anastomofim
866 835 984 904 passa
996 839 1353 904 exporriguntur,
1368 842 1414 885 &
1432 833 1672 903 sanguineo
1684 830 1771 883 fere
1786 834 1962 902 turgida
1976 829 2101 883 succo

317 924 482 977 patent.

383 987 433 1031 In
447 990 528 1051 apio
542 985 678 1051 rustico
691 981 868 1033 vascula
881 983 969 1032 haec
984 1000 1063 1051 per
1081 981 1271 1052 longum
1283 989 1322 1034 A
1329 999 1578 1046 excurrunt,
1606 997 1706 1048 quae
1719 979 1935 1029 hincinde
1957 979 2101 1029 surcu-

316 1057 382 1107 los
397 1075 616 1126 promunt
629 1061 745 1108 circa
760 1058 1051 1108 utriculomm
1065 1059 1367 1127 peripheriam
1381 1055 1666 1118 ramificatos,
1682 1054 1850 1122 fibique
1861 1056 2021 1103 mutuo
2034 1060 2098 1103 in-

317 1129 533 1181 osculatos
547 1134 602 1181 Β.
670 1136 720 1180 In
748 1131 927 1201 fingulis
956 1130 1162 1180 lafflferis
1180 1174 1193 1196 ,
1219 1131 1500 1200 refinamque
1523 1127 1819 1194 fundentibus,
1836 1129 2102 1178 laceratione

317 1220 550 1256 occurrunt
577 1204 831 1273 hujusmodi
847 1204 1048 1273 vascula3
1082 1208 1131 1253 in
1145 1206 1323 1274 reliquis
1343 1207 1454 1256 vero
1473 1204 1650 1273 plantis,
1676 1202 1753 1252 ubi
1777 1219 2006 1252 contentus
2020 1201 2102 1250 hu-

318 1295 421 1326 mor
445 1276 564 1328 fusco
593 1299 685 1329 non
711 1278 903 1329 inficitur
931 1279 1084 1328 colore
1100 1320 1114 1342 ,
1135 1279 1211 1329 vel
1235 1278 1456 1349 infigniter
1485 1278 1806 1330 concrescendo
1834 1277 2101 1326 soliditatem

318 1367 410 1400 non
423 1357 624 1422 acquirit,
648 1352 708 1402 ob
718 1356 1006 1422 exiguitatem
1020 1352 1326 1417 obscurantur,
1349 1356 1687 1422 minimumque
1700 1351 1762 1401 sui
1775 1351 2011 1421 vestigium
2025 1368 2101 1398 ex-

317 1424 483 1475 hibent.
516 1433 583 1477 Ex
596 1431 818 1497 perpetuis
830 1442 984 1476 tamen
1004 1431 1192 1476 Naturae
1204 1427 1385 1496 legibus,
1409 1444 1508 1495 quae
1523 1427 1715 1477 eandem
1728 1425 1803 1476 vel
1815 1425 1970 1475 saltem
1994 1442 2100 1473 ana·

318 1498 473 1567 logam
493 1500 632 1551 servat
647 1506 694 1550 in
711 1500 794 1549 suis
820 1500 1025 1568 operibus
1040 1500 1320 1565 methodum,
1345 1502 1516 1551 videtur
1529 1501 1663 1551 valde
1685 1499 1935 1568 probabile,
1956 1501 2005 1546 in
2016 1498 2102 1548 sin-

316 1573 429 1638 gulis
441 1573 604 1640 plantis
614 1573 842 1641 peculiare
855 1592 931 1621 vas
948 1573 1105 1634 adess‘e,
1133 1573 1347 1621 ultimum
1364 1579 1412 1622 ὃς
1426 1572 1677 1640 specificum
1697 1573 1895 1622 deferens
1908 1573 2097 1622 alimen-

315 1661 427 1693 tum.
495 1652 743 1695 Contentus
757 1642 920 1706 succuS,
938 1653 1006 1703 (ut
1020 1663 1074 1693 ex
1090 1644 1217 1692 nobis
1242 1649 1359 1693 notis
1372 1645 1660 1712 probabiliter
1672 1647 2033 1715 philosophemur
2049 1688 2061 1709 ,
2077 1648 2100 1711 )

315 1718 422 1767 cum
452 1715 694 1767 substantiae
720 1717 915 1766 modum
931 1723 980 1767 &
1003 1722 1298 1786 proprietates
1327 1718 1459 1789 longe
1472 1717 1754 1788 perfectiores
1778 1719 1938 1769 habere
1951 1719 2104 1769 videa-

316 1807 387 1840 tur
405 1832 419 1855 ,
440 1810 493 1840 ac
507 1795 554 1840 in
569 1791 695 1841 succo
721 1790 875 1839 fistulis
900 1808 1113 1840 contento
1134 1792 1502 1861 deprehenditur,
1525 1791 1699 1843 ultima:
1724 1793 1950 1843 alimoniae
1977 1793 2103 1842 dotes

318 1871 367 1913 &
381 1865 617 1931 qualitates
635 1863 829 1913 habebit.
898 1869 962 1913 Ita
987 1868 1035 1912 in
1062 1865 1181 1914 abiete
1208 1871 1256 1913 &
1272 1865 1403 1914 fimil.
1431 1865 1703 1915 elaboratior
1717 1868 1895 1918 videtur
1909 1870 2102 1918 terebin-

315 1936 447 1987 thinae
475 1937 634 2002 fiiccuS,
659 1957 710 1988 ac
733 1937 925 2007 reliquus
948 1936 1082 1988 fibras
1103 1957 1348 2008 occupans:
1387 1943 1491 1990 Nec
1507 1939 1730 1991 struCturae
1746 1946 1860 1991 ratio
1875 1942 2104 2007 reclamat3

315 2014 422 2062 cum
437 2015 561 2063 enim
587 2013 707 2063 fibrae
733 2012 974 2064 humorem
1001 2017 1048 2062 in
1076 2011 1380 2063 transversales
1402 2013 1579 2064 ordines
1592 2032 1851 2081 exonerent,
1872 2031 1921 2065 ut
1933 2015 2107 2085 singulis

318 2085 512 2153 partibus
526 2088 901 2146 communicetur,
919 2103 1013 2132 non
1025 2085 1147 2133 aliud
1159 2090 1412 2154 promptius
1437 2093 1624 2135 occurrit
1634 2106 1719 2155 pro
1733 2090 1996 2156 exequendo
2022 2090 2107 2137 hoc

320 2176 522 2222 munere,
536 2174 678 2227 preter
700 2175 934 2207 exaratum
946 2175 1040 2220 vaS,
1053 2157 1128 2205 suo
1142 2158 1368 2225 turgidum
1382 2158 1586 2222 humore,
1611 2162 1719 2209 cum
1740 2163 1956 2228 praecipue
1972 2164 2107 2209 rami-

321 2228 548 2279 ficationes
575 2234 691 2280 circa
715 2230 925 2278 utriculos
952 2230 1127 2293 habeat,
1154 2247 1202 2277 ut
1230 2246 1376 2279 totam
1403 2232 1658 2298 plantarum
1683 2233 1984 2302 peripheriam
2003 2253 2105 2302 per-

321 2302 470 2352 vadat.

386 2378 511 2424 Succi
537 2375 664 2440 hujus
694 2378 820 2422 varia
842 2375 904 2423 est
934 2392 1115 2436 natura,-
1150 2370 1399 2442 frequenter
1418 2381 1553 2444 aquei
1580 2377 1879 2447 diaphanique
1904 2380 2105 2429 humoris

321 2448 459 2519 specie
481 2446 636 2511 effluit,
664 2448 941 2517 quandoque
960 2447 1084 2497 laetis
1111 2448 1263 2511 instar,
1276 2465 1368 2497 non
1382 2451 1484 2499 raro
1505 2450 1628 2500 luteo
1650 2451 1845 2502 inficitur
1857 2454 2027 2518 colore,
2054 2461 2104 2504 &

320 2523 540 2573 interdum
557 2518 897 2571 semiconcretus
923 2521 1144 2572 lentorem
1157 2525 1362 2590 acquirit,
1374 2525 1434 2571 ita
1449 2541 1514 2588 ut,
1537 2541 1651 2593 quot
1675 2527 1931 2595 plantarum
1947 2528 2108 2599 species

321 2615 486 2662 extant,
500 2598 690 2647 totidem
714 2598 955 2668 peculiares
968 2595 1077 2647 succi
1092 2601 1403 2667 inveniantur3
1439 2603 1485 2648 ni
1500 2600 1701 2650 dubitare
1714 2603 1932 2669 velimus,
1960 2606 2105 2674 quod-

321 2689 495 2740 cunque
512 2670 797 2720 individuum
811 2686 1024 2739 vegetans
1039 2672 1317 2740 peculiarem
1330 2671 1408 2722 fibi
1422 2691 1579 2741 parare
1608 2673 1801 2739 succum,
1818 2681 1924 2725 utin
1935 2682 2104 2728 anima-

322 2741 437 2793 lium
453 2743 676 2812 sanguine,
698 2746 746 2791 in
775 2743 872 2812 ipfis
888 2748 1027 2793 etiam
1056 2743 1309 2808 individuiS,
1333 2744 1537 2795 dubitare
1548 2747 1790 2816 possumus,
1856 2753 1941 2799 Hic
1959 2755 2109 2821 itaque

325 2814 489 2880 succus,
503 2816 671 2866 delatus
687 2819 734 2864 in
754 2816 939 2886 lingulas
951 2835 1115 2886 partes,
1142 2821 1251 2868 roris
1266 2818 1400 2868 instar
1414 2820 1677 2886 affunditur,
1713 2828 1762 2872 δι
1789 2823 2110 2875 concrestendo

322 2889 434 2957 ipsas
449 2907 580 2959 auget
597 2931 611 2953 ,
644 2896 691 2939 δι
704 2889 762 2938 ad
788 2888 983 2939 debitam
1010 2890 1365 2960 magnitudinem
1378 2894 1592 2961 perducit.
1661 2901 1831 2962 Qare,
1860 2899 1955 2966 quo
1968 2917 2107 2968 aquo-

323 2962 408 3013 fior
426 2962 504 3025 est,
526 2981 572 3013 ut
586 2966 633 3012 in
646 2966 781 3030 populo
810 2963 980 3031 &filice
1006 2967 1179 3028 evenit,
1201 2961 1328 3014 facile
1344 2984 1575 3034 evaporat,
1603 2986 1685 3016 nec
1695 2973 1966 3019 exteriorum
1996 2975 2108 3040 inju-

322 3040 410 3085 rias
423 3052 553 3085 arcet.
622 3035 1007 3105 Inquercufingulae
1036 3036 1155 3086 fibrae
1184 3045 1231 3088 &
1248 3038 1543 3089 utriculorum
1557 3041 1732 3090 ordines
1762 3058 1857 3091 tam
1871 3043 2027 3093 valido
2058 3054 2107 3098 ὃς,

323 3108 447 3176 quafi
460 3110 629 3178 glutine
643 3109 794 3158 lucido
810 3112 1066 3173 irrorantur,
1084 3128 1133 3159 ut
1147 3110 1333 3160 firmum
1343 3129 1500 3180 corpus
1515 3116 1757 3177 excitetur3
1791 3117 1916 3184 quod
1931 3136 2022 3167 non
2039 3120 2106 3168 so-

325 3181 426 3229 lum
440 3183 663 3246 divisioni,
689 3181 761 3232 sed
790 3190 838 3232 δι
855 3202 975 3252 aquae
1001 3183 1199 3254 aerisque
1213 3183 1357 3233 salinis
1380 3186 1622 3255 particuliS,
1647 3187 1677 3237 fi
1701 3192 1885 3256 quando
1897 3210 2079 3262 urgeant
2095 3241 2109 3262 ‚

326 3253 499 3304 abunde
527 3255 693 3306 resistit.
763 3260 809 3303 In
821 3271 958 3322 pruno,
985 3256 1122 3325 cerase,
1153 3262 1249 3324 piro,
1277 3258 1529 3308 &refinofis
1556 3260 1703 3329 lignis,
1717 3280 1811 3311 non
1823 3266 1926 3314 raro
1937 3272 2109 3337 evapoJ

327 3343 451 3375 rante
466 3326 715 3394 hujusmodi
731 3333 946 3379 nutritivo
961 3330 1086 3379 succo
1102 3372 1114 3394 ,
1144 3334 1242 3397 jam
1256 3329 1375 3380 fibris
1389 3331 1576 3401 asperso,
1604 3338 1832 3402 congeries
1847 3337 1967 3406 quasi
1981 3342 2106 3389 tubu-

326 3402 478 3451 lorum
499 3401 870 3451 &orbiculorum
899 3404 1319 3455 membranosorum
1347 3404 1562 3474 superest3
1596 3405 1695 3456 solae
1705 3412 1828 3459 enim
1855 3417 2010 3461 tunicae
2027 3434 2107 3463 va-

327 3475 475 3526 sorum
497 3483 546 3526 &
557 3476 908 3525 horizontalium
920 3479 1214 3528 utriculorum
1229 3495 1380 3529 tenues
1401 3486 1448 3529 &
1461 3481 1645 3550 graciles
1659 3481 1894 3556 supersunt,
1911 3505 2007 3557 quae
2023 3488 2105 3538 fine

327 3551 535 3616 gularum
549 3549 869 3618 particularum
883 3551 1211 3603 delineamenta
1227 3552 1448 3603 exhibent.

1351 3632 1392 3678 L
2043 3638 2106 3684 De
