2600 3952
283 147 2277 183 “p—‘W

357 219 406 256 12

869 188 1310 247 MARCELLI
1382 174 1855 233 MALPIGHH

297 265 2284 296 w

567 320 742 368 Plantas
771 314 1029 376 r,eliquaque
1054 301 1307 367 vegetantia
1334 295 1584 346 consimilia
1600 331 1615 360 ,
1634 297 1862 346 Naturam
1886 298 2105 362 radicibm,
2129 303 2287 369 quibus

500 392 717 439 alimonia
730 386 930 440 trahitur,
949 383 995 424 δι
1012 374 1090 421 illa
1113 371 1362 436 firmantur,
1375 370 1570 435 donaffe,
1585 369 1796 421 omnibus
1811 386 1947 441 patet.
2015 376 2124 421 Sunt
2136 391 2287 428 autem

501 465 639 511 radices
654 466 698 509 in
713 452 935 507 arboribus
956 450 1104 517 portio
1115 446 1322 511 caudicis,
1344 450 1423 514 qui
1451 445 1616 496 divisus
1645 450 1692 496 in
1709 446 1926 511 ramulos,
1943 445 2129 496 tandem
2145 451 2191 497 in
2215 469 2289 500 ca-

498 534 776 600 pillamenta,
790 521 973 573 solvitur
990 554 1001 589 3
1035 525 1096 570 ita
1110 539 1157 570 ut
1169 521 1343 570 arbores
1357 520 1423 568 nil
1449 519 1571 570 aliud
1581 519 1679 584 fint,
1704 538 1846 589 quam
1873 519 2024 572 fistulae
2037 523 2203 592 exiguae
2219 524 2288 573 di-

501 605 694 670 sparatae,
720 605 767 648 δι
782 613 860 667 per
880 596 1022 646 solum
1036 596 1275 664 productae,
1301 610 1400 662 quae
1421 593 1576 643 senfim
1595 598 1641 642 in
1666 593 1891 645 fasciculos
1905 596 2189 666 colliguntur,
2207 604 2289 667 qui·

496 683 544 724 &
559 672 638 740 ipfi
663 673 838 721 ulterius
863 671 961 720 aliis
988 669 1291 737 insignioribus
1319 670 1454 730 uniti,
1476 667 1664 716 tandem
1679 685 1835 717 omnes
1845 667 1923 718 sub
1949 688 2056 735 uno,
2086 688 2135 720 ut
2147 669 2289 741 pluri-

496 745 864 813 mum,cylindro
878 743 1070 804 collecti,
1098 758 1305 790 truncum
1327 738 1582 805 efformant,
1593 744 1671 808 qui
1685 741 1883 810 opposita
1908 748 2208 810 extremitate,
2222 739 2289 797 fa-

495 822 564 869 &a
581 825 743 870 iterum
770 817 1013 866 fistularum
1043 813 1333 883 separatione,
1370 811 1548 862 brachia
1575 817 1775 882 promit,
1798 822 1848 866 δε
1878 815 2035 866 senfim
2061 815 2288 872 subdivifis

497 893 733 961 manipulis
756 908 812 939 ex
825 889 1071 956 majoribus
1097 891 1145 934 in
1159 890 1374 949 minores,
1401 884 1567 934 ultimo
1591 890 1640 936 in
1656 884 1763 937 folia
1777 889 2028 940 extensione
2058 889 2188 957 fasta,
2202 911 2288 962 po-

497 965 713 1013 stremum
735 960 912 1013 sortitur
937 966 1199 1010 terminum.
1267 964 1486 1010 Ememae
1515 963 1646 1028 igitur
1677 961 1843 1011 radices
1872 967 1920 1012 in
1941 964 2172 1015 arboribus
2199 969 2288 1018 una

496 1037 568 1087 vel
591 1037 726 1087 altera
752 1037 922 1086 trachea
951 1034 1169 1098 constant,
1196 1037 1312 1084 circa
1324 1052 1465 1103 quam
1496 1033 1655 1083 ludunt
1667 1034 1845 1086 fistulofi
1869 1037 2002 1107 lignei
2015 1039 2169 1108 plexus
2182 1045 2288 1092 reti..

491 1115 692 1166 culariter
702 1121 761 1166 ita
775 1116 998 1185 producti,
1011 1131 1060 1164 ut
1074 1119 1320 1183 interceptae
1336 1131 1446 1163 areae
1463 1111 1614 1181 anguli
1626 1116 1840 1163 acutiores
1851 1113 1958 1183 fint3
1989 1135 2121 1186 prout
2132 1137 2288 1170 autem

492 1190 617 1238 radix
632 1203 830 1259 augetur,
856 1194 989 1239 unitis
1024 1189 1120 1238 aliis
1132 1188 1355 1252 radiculis,
1384 1188 1538 1257 ligneae
1566 1184 1687 1235 fibrae
1718 1186 1889 1251 lucidae,
1908 1190 2106 1257 pilorum
2127 1194 2260 1244 instar
2275 1241 2290 1264 ,

494 1265 771 1316 trachearum
796 1264 1144 1334 intercapedines
1157 1264 1331 1333 replent
1345 1284 1357 1331 3¹
1390 1266 1552 1312 cortice
1563 1259 1700 1311 valde
1713 1260 1849 1311 craffo
1865 1261 2084 1334 mollique
2097 1270 2289 1318 circum-

492 1338 780 1408 ambiuntur3
818 1348 865 1390 &
902 1345 947 1389 in
964 1338 1247 1408 quibusdam,
1276 1337 1573 1387 radicularum
1603 1338 1867 1385 extremitas
1893 1339 2136 1406 appendice
2166 1343 2289 1411 quafi

490 1414 740 1482 placentula
766 1418 922 1466 donari
954 1415 1089 1483 solet3
1126 1415 1323 1484 ipsarum
1347 1413 1459 1465 vero
1482 1410 1679 1462 ambitus
1706 1410 2036 1480 capillamentis
2062 1417 2293 1489 mollibus,

492 1487 713 1557 lanuginis
738 1490 888 1553 instar,
915 1489 1144 1557 stipantur.
1212 1487 1466 1551 Cortex,de
1480 1504 1625 1561 more,
1655 1485 1854 1536 utriculis
1866 1486 2206 1541 horizontaliter
2222 1491 2290 1540 lo-

491 1567 596 1614 catis
608 1563 966 1627 conflatur,fibris
980 1566 1144 1632 pariter
1161 1563 1315 1632 ligneis
1333 1570 1381 1611 &
1398 1561 1610 1628 peculiari
1626 1563 1717 1609 lani
1740 1561 1946 1628 ero3quod
1957 1564 2005 1611 in
2019 1584 2121 1615 moro
2135 1565 2298 1617 &aliis¹

491 1636 673 1686 evidens
685 1638 760 1686 est.
829 1641 878 1686 In
905 1637 1202 1706 amplioribus
1227 1635 1446 1685 radicibus
1475 1632 1661 1702 Spirales
1675 1632 1830 1683 fistulae
1855 1635 2080 1703 productae
2102 1639 2298 1690 inclina-³

492 1712 666 1759 tionem
686 1713 833 1762 versus
844 1730 1045 1761 centrum
1074 1711 1244 1762 servare
1274 1713 1514 1779 incipiunt3
1548 1709 1720 1758 craffior
1736 1709 1895 1777 pariter
1918 1711 2116 1763 redditus
2139 1730 2292 1767 cortex

491 1784 548 1832 de
563 1803 691 1833 more
705 1785 863 1848 ambit,
889 1785 1133 1835 &tandem
1160 1786 1316 1833 radicis
1339 1799 1517 1831 truncus
1534 1786 1775 1843 excitatur,
1807 1786 1855 1830 in
1869 1799 1966 1850 quo
1990 1787 2299 1838 manifestiora-

489 1858 588 1908 sunt
603 1865 761 1909 omnia
790 1879 983 1911 exarata.
1051 1864 1290 1910 Minorum
1315 1858 1523 1907 radicum
1540 1858 1725 1906 tracheae
1740 1875 1832 1905 non
1852 1855 1951 1906 sunt
1972 1877 2130 1909 omnes
2142 1863 2293 1930 paral.

489 1935 605 1999 lelae,
632 1956 713 1986 nec
731 1942 874 2001 rectae,
901 1937 973 1986 sed
995 1937 1116 1988 varie
1143 1936 1449 2006 obliquantur,
1473 1932 1771 2002 varicosaeque
1790 1932 2060 1999 redduntur,
2096 1943 2145 1987 δε
2167 1939 2293 1989 mol-

489 2008 625 2060 liores
642 2011 847 2062 radiculae
867 2017 930 2062 ita
950 2002 1065 2062 circa
1090 2011 1230 2082 glebae
1261 2009 1444 2061 frustula
1467 2014 1832 2076 contorquentur,
1860 2023 1910 2056 ut
1934 2009 2061 2076 quafi
2083 2012 2293 2067 manibus

489 2083 581 2151 ipsa
594 2086 939 2154 apprehendant.
1008 2086 1191 2156 Singula
1204 2084 1443 2134 delineabo
1457 2125 1471 2148 ,
1502 2083 1696 2133 indicata
1730 2082 1892 2134 intima
1912 2085 2147 2136 minorum
2171 2088 2301 2137 radi-v

489 2175 594 2206 cum
608 2159 664 2206 ab
677 2159 833 2227 infigni
848 2160 1004 2208 radicis
1029 2160 1233 2226 cylindro
1246 2162 1492 2228 eruptione.

557 2232 855 2299 Reliquarum
883 2232 1145 2281 Plantarum
1168 2251 1260 2281 non
1287 2232 1432 2302 dispar
1458 2232 1675 2281 structura
1692 2229 2060 2297 manifestabitur,
2089 2235 2295 2305 expofitis

490 2305 642 2371 primo
666 2308 892 2373 leguminum
922 2306 1139 2373 praecipue
1166 2306 1403 2367 radicibus,
1427 2322 1581 2372 utpote
1607 2305 1964 2370 simplicioribus,
1999 2324 2100 2373 quae
2127 2316 2294 2359 cortice

490 2380 589 2429 satis
600 2381 734 2429 crasso
748 2381 965 2445 constant,
991 2380 1205 2429 mollibus
1222 2379 1378 2430 fistulis
1390 2380 1563 2449 ligneis,
1599 2386 1647 2428 &
1672 2378 1856 2428 tracheis
1871 2377 1950 2428 sub
1979 2380 2169 2449 cylindri
2195 2383 2290 2455 spe-

490 2460 558 2504 cie
570 2456 792 2524 productis
807 2498 819 2520 ,
853 2474 948 2525 quo
976 2456 1134 2506 radicis
1152 2456 1356 2505 medulla
1379 2455 1671 2517 constituitur,
1689 2470 1789 2522 quae
1803 2456 1951 2505 versus
1970 2454 2189 2525 fiiperiora
2220 2478 2288 2510 tu-

490 2526 644 2577 bulosa
656 2530 852 2578 redditur
873 2563 884 2598 3
919 2534 965 2578 in
977 2529 1201 2599 aliquibus
1226 2546 1382 2579 autem
1412 2528 1630 2579 radicibus
1657 2529 1804 2598 lignea
1834 2533 1979 2598 portio
1997 2549 2090 2581 non
2102 2534 2291 2603 conglo-

490 2602 619 2651 batur
635 2608 681 2651 in
698 2602 891 2653 solidum
911 2604 1081 2673 ubique
1092 2622 1266 2672 corpus,
1282 2602 1355 2653 sed
1368 2621 1446 2673 per
1471 2603 1659 2672 longum
1687 2608 2012 2654 concavitatem
2024 2605 2173 2671 habet,
2188 2610 2289 2678 ,qua

489 2696 698 2726 carneam
711 2678 963 2726 medullam
976 2677 1182 2726 custodit.
1252 2681 1300 2726 In
1315 2677 1412 2726 aliis
1424 2677 1663 2740 herbaceis,
1676 2695 1726 2727 ut
1738 2682 1785 2726 in
1793 2681 2028 2750 plantagine,
2041 2679 2290 2734 fistularum

492 2747 681 2800 fasciculi
704 2748 812 2799 folia
848 2768 1159 2819 percurrentes,
1172 2751 1284 2798 dum
1303 2751 1469 2800 radices
1496 2749 1695 2814 subeunt,
1721 2753 1875 2802 amiffa
1889 2755 2151 2806 rectitudine
2171 2760 2290 2807 invi-

493 2843 595 2873 cem
612 2826 900 2888 decussantur,
936 2832 984 2874 &
1010 2823 1147 2892 spatia
1172 2824 1368 2873 utriculis
1391 2825 1517 2874 fiicco
1538 2827 1723 2894 turgidis
1746 2827 1972 2896 replentur
1986 2869 2000 2891 ,
2025 2835 2072 2878 δε
2101 2829 2152 2878 fit
2170 2850 2287 2895 caro,

494 2915 544 2945 ut
557 2898 696 2966 vulgo
708 2898 989 2966 appellatur3
1023 2901 1187 2946 iterum
1221 2914 1375 2945 tamen
1399 2895 1601 2967 separati,
1626 2903 1672 2948 in
1707 2901 1934 2950 radices&
1949 2901 2164 2950 radiculas
2175 2902 2286 2953 defi-

494 2988 617 3020 nunt.
687 2975 736 3019 In
751 2973 932 3038 asparago
962 2970 1154 3038 luperior
1176 2970 1329 3018 radicis
1342 2976 1509 3039 portio,
1535 2969 1606 3021 {eu
1631 2974 1792 3039 nodus,
1817 2973 1969 3044 ligneis
1980 2973 2102 3023 fibris
2125 2979 2290 3026 reticu-

498 3043 647 3092 lariter
680 3045 910 3113 implicitis
938 3045 1126 3109 constat,
1158 3047 1183 3094 a
1213 3046 1373 3113 quibus
1402 3048 1581 3096 utriculi
1610 3049 1817 3116 pendent.
1866 3049 1940 3098 Ab
1968 3050 2131 3098 eodem
2161 3051 2286 3100 nodo

498 3117 760 3186 elongantur
775 3119 940 3168 radices
957 3161 970 3182 ,
1003 3120 1126 3187 quasi
1139 3121 1321 3169 ovalem
1331 3121 1542 3172 habentes
1556 3121 1763 3191 figuram,
1787 3126 1812 3174 a
1825 3123 1987 3193 quibus
2013 3122 2216 3172 radiculae
2232 3131 2281 3174 &

499 3188 659 3258 lanugo
673 3196 883 3258 erumpit.
952 3198 1211 3242 interiorem
1226 3194 1418 3263 ipsarum
1437 3212 1610 3263 partem
1625 3195 1794 3265 ligneus
1818 3213 1936 3246 tenet
1947 3195 2169 3261 cylindrus
2180 3215 2282 3264 gra-

498 3255 610 3318 cilis,
643 3262 722 3324 qui
736 3260 919 3308 tracheis
940 3264 986 3308 in
999 3261 1158 3310 orbem
1169 3262 1331 3311 fituatis
1343 3266 1525 3327 constat,
1541 3271 1589 3314 &
1606 3263 1759 3331 ligneis
1772 3263 1899 3324 fibri83
1915 3262 2142 3329 reliquum
2154 3265 2285 3326 verb,

497 3331 682 3392 craffiuS,
701 3336 875 3380 corticis
892 3334 1086 3383 utriculis
1109 3354 1187 3403 per
1204 3335 1391 3404 longum
1405 3337 1556 3386 locatis
1571 3339 1832 3406 completur.
1876 3333 2155 3401 Implicatam
2166 3355 2282 3383 arun·-

498 3403 594 3449 dinis
610 3403 805 3453 radicem
827 3423 1019 3457 retexere
1043 3403 1241 3473 tentabo,
1266 3410 1483 3460 delineata
1511 3408 1818 3459 fasciculorum
1834 3405 2095 3457 fibrosorum
2113 3411 2277 3476 germi-

499 3478 695 3540 natione,
722 3483 768 3525 ὅτ,
794 3482 945 3530 mutua
973 3481 1390 3551 superequitatione,
1405 3485 1516 3533 dum
1530 3488 1577 3531 in
1590 3481 1776 3532 surculos
1802 3480 2012 3530 &oculos
2039 3478 2279 3530 absumun-

503 3566 585 3603 tur.
656 3549 853 3616 [ceparum
864 3557 1028 3619 pariter
1059 3575 1333 3625 compagem
1357 3574 1639 3626 proponam3
1673 3556 1739 3606 hae
1762 3552 1960 3620 pluribus
1985 3555 2141 3601 tunicis
2158 3594 2172 3617 ‚
2205 3553 2280 3603 seu

2148 3645 2279 3679 invo-
