2638 3926
795 197 884 255 De
913 195 1199 256 Radicibus
1224 195 1535 257 Plantarum.
2178 230 2249 288 79

299 328 654 397 attolluntur3
698 325 833 387 unde
875 329 928 387 in
963 324 1197 410 ipsorum
1235 324 1400 386 axillis
1430 349 1662 408 gemmae,
1702 326 1783 389 seu
1827 331 2023 392 soboles
2057 334 2111 391 F

300 437 421 475 cum
480 411 734 472 radicibus
770 411 842 488 G,
889 417 942 473 &
987 413 1231 472 exteriori
1291 410 1569 471 involucro
1608 411 1688 488 H,
1731 414 2108 478 custodiuntur.

298 500 359 560 A
391 496 494 558 basi
517 495 686 580 Cepae
701 497 947 581 grandior
970 496 1177 576 affurgit
1205 517 1427 576 gemma,
1469 496 1745 558 involucro
1768 497 1801 556 I
1827 498 2108 578 obvoluta,

298 605 412 666 quae
457 579 552 641 fiiis
594 586 783 664 pariter
822 581 954 642 foliis
977 579 1038 637 Κ
1061 598 1474 659 coagmentatur,
1517 584 1568 639 &
1608 581 1858 643 radiculas
1887 585 1939 644 L
1963 589 2107 644 emit—

297 670 378 726 tit.
461 665 768 749 Analogam
807 670 966 749 igitur
999 664 1188 736 trunci,
1230 660 1309 722 seu
1348 661 1503 724 caulis
1541 662 1754 746 speciem
1798 669 1851 725 in
1889 674 2108 729 exaratis

295 750 457 835 Cepis
487 751 728 812 admirari
750 749 884 822 licet,
924 745 1124 807 inversa
1148 764 1320 808 tamen
1343 747 1430 808 via
1450 773 1466 820 3
1509 748 1633 809 cum
1658 754 1707 810 in
1734 749 2007 813 arboribus
2039 754 2107 814 ab

293 839 539 898 exteriori
572 837 774 894 ambitu
810 849 1120 914 erumpant:
1162 834 1214 892 in
1239 833 1313 893 his
1336 851 1508 894 autem
1547 837 1682 895 intra
1720 834 1860 919 quasi
1889 835 2106 896 fistulam

292 919 488 981 inclusae
535 916 901 978 custodiantur.
991 914 1071 976 Et
1109 914 1236 978 ficut
1278 922 1327 978 in
1359 917 1660 1001 vulgaribus
1694 918 1875 1003 CepiS,
1916 926 1969 981 &
1995 919 2105 981 bul-

295 1005 371 1065 bis
395 1007 523 1064 inter
542 1000 663 1061 folia
684 1000 753 1061 ab
798 1004 953 1062 unico
970 1001 1139 1079 node,
1180 1002 1364 1064 scilicet
1391 1004 1423 1065 a
1445 1003 1666 1084 lubjecfito
1707 1023 1896 1065 trunco
1933 1010 2105 1066 exori-

292 1107 450 1149 untur
478 1086 605 1147 folia
631 1111 645 1159 3
688 1085 761 1147 ita
788 1089 839 1148 in
863 1086 958 1146 hac
979 1085 1047 1147 ab
1076 1090 1233 1148 unico
1263 1087 1511 1148 tubuloso
1547 1089 1679 1150 folio
1702 1090 1998 1150 immediate
2029 1091 2105 1151 di-

292 1171 456 1232 verlas
497 1170 779 1255 pullulante
823 1171 1149 1254 appendiceS,
1192 1176 1349 1230 variae
1380 1192 1648 1252 emergunt
1691 1197 1919 1253 gemmae.
2006 1173 2102 1236 Ex

290 1256 367 1317 his
390 1260 559 1339 itaque
599 1255 668 1315 nil
697 1260 886 1316 mirum
909 1254 945 1313 fi
968 1258 1023 1314 in
1048 1253 1207 1314 Scillae
1225 1252 1359 1316 foliis
1385 1257 1437 1314 in
1461 1253 1672 1314 frustula
1694 1255 1926 1330 redacstiS,
1966 1279 2101 1339 gem-

288 1363 491 1401 marum
515 1345 782 1422 vegetatio
820 1342 1089 1420 contingat
1115 1363 1126 1397 :
1167 1340 1221 1398 in
1244 1338 1319 1398 his
1346 1341 1483 1398 enim
1517 1338 1643 1400 cum
1680 1337 1921 1400 vasorum
1965 1339 2104 1400 fasci-

288 1424 389 1485 culi
413 1422 758 1506 praeexistant,
801 1422 832 1479 *a
859 1422 1046 1502 quibus
1069 1420 1414 1482 utriculorum
1438 1421 1646 1483 ordines
1673 1423 1903 1505 pendent
1917 1448 1936 1496 ,,·
1979 1448 2102 1507 qua-

289 1508 327 1568 fi
349 1505 634 1568 divisorum
650 1524 972 1579 truncorum,
1014 1505 1098 1564 seu
1119 1504 1340 1566 caulium
1367 1510 1447 1567 vis
1469 1506 1641 1568 adhuc
1668 1525 2045 1568 manute-netur.

373 1588 658 1672 Hucusque
692 1588 974 1648 bulborum
997 1588 1220 1663 formaS,
1262 1611 1393 1670 quos
1417 1589 1641 1652 Natura
1670 1595 1722 1651 in
1746 1590 1945 1651 diverla
1979 1592 2102 1653 folia

287 1675 508 1750 laciniat,
548 1676 888 1757 percurrimus
917 1698 929 1730 ;
971 1673 1139 1733 modo
1161 1671 1236 1731 fas
1254 1673 1325 1731 est
1358 1692 1418 1733 ut
1435 1672 1642 1749 bulbos,
1682 1674 1764 1735 {eu
1787 1675 1971 1736 tubera
1986 1699 2102 1759 quae

286 1763 342 1820 in
361 1761 730 1819 continuatum
771 1779 966 1838 corpus
1007 1753 1385 1838 conglomerat,
1428 1756 1579 1817 brevi
1601 1763 1963 1819 examinemus
2018 1762 2102 1821 ln-

287 1861 368 1904 ter
382 1844 493 1904 haec
515 1841 711 1925 elegans
735 1842 963 1901 occurrit
978 1838 1205 1898 Gladioli
1230 1840 1430 1922 (136.)
1452 1840 1666 1914 bulbus;
1711 1841 1793 1904 hic
1823 1842 1944 1923 Julii
1960 1866 2102 1905 men-

285 1925 335 1989 ie
364 1925 665 1987 observatus
685 1925 1019 2006 assurgentem
1036 1922 1232 1983 caulem
1249 1924 1307 1984 A
1331 1924 1558 1985 exhibet.
1643 1923 1866 1985 Inferius
1905 1926 2100 2008 pendet

284 2013 530 2094 antiquus
571 2009 757 2070 bulbus
795 2008 847 2066 B
871 2011 925 2068 in
961 2006 1207 2088 rugosum
1251 2005 1535 2070 folliculum
1572 2006 1872 2084 exficcatUS,
1917 2011 1948 2068 a
1989 2035 2100 2093 quo

283 2093 524 2157 Radices
560 2097 604 2152 C
644 2108 968 2172 erumpentes
1009 2090 1413 2152 horizontaliter
1450 2091 1829 2174 producuntur.
1915 2093 2100 2154 Tube-

287 2184 354 2241 ris
376 2179 459 2240 seu
488 2176 632 2237 bulbi
655 2175 880 2236 exterior
921 2171 1205 2256 superficies
1239 2172 1445 2246 foliolis,
1486 2181 1538 2235 ὃ(
1564 2174 1844 2241 involucris
1869 2176 2096 2238 denuda-

289 2282 364 2338 ta,
405 2265 570 2322 varias
605 2281 829 2341 gemmas
861 2257 923 2314 D
957 2254 1131 2331 offert,
1171 2263 1225 2320 ὅ(
1248 2280 1358 2316 non
1392 2257 1547 2339 longe
1582 2257 1651 2320 ab
1685 2258 1870 2323 harum
1901 2281 2098 2324 exortu

288 2346 416 2407 folia
438 2342 650 2404 inferius
674 2341 740 2401 de
767 2362 915 2399 more
950 2357 1247 2422 erumpunt,
1288 2363 1400 2422 quae
1423 2341 1507 2400 hic
1539 2341 1729 2416 avulsa,
1770 2343 1871 2404 sola
1908 2345 2096 2410 fistula-

289 2454 408 2493 rum
444 2428 732 2509 fragmenta
772 2423 824 2484 E
857 2421 1192 2505 relinquunt:
1232 2423 1375 2485 unde
1411 2423 1552 2508 quasi
1589 2427 1763 2502 cauliS,
1804 2428 1887 2493 seu
1932 2436 2100 2491 trunci

293 2514 473 2598 species
508 2513 764 2571 occurrit:
810 2507 841 2566 ὲ
867 2506 970 2567 basl
995 2512 1182 2590 pariter
1223 2510 1418 2570 tuberis
1435 2533 1647 2592 gemmae
1667 2511 1740 2586 F,
1781 2512 1863 2575 seu
1897 2511 2096 2575 soboles

295 2597 523 2682 pendent
539 2592 736 2654 fibroso
764 2591 1007 2676 pediculo
1033 2591 1086 2650 G
1105 2594 1336 2654 firmatae.
1427 2595 1493 2654 ln
1521 2594 1655 2657 fetro
1673 2596 1969 2677 hujufinodi
1987 2599 2096 2659 bul-

299 2681 428 2744 boso
466 2698 656 2741 trunco
686 2676 964 2738 fistularum
993 2682 1046 2739 &
1075 2677 1398 2740 trachearum
1431 2677 1690 2742 fasciculus
1737 2705 2016 2744 excurrens
2037 2681 2105 2747 H

297 2784 513 2851 apparet
528 2789 543 2837 3
587 2760 791 2846 ejusque
828 2762 1228 2823 ramificationes
1257 2761 1307 2838 I,
1348 2763 1534 2845 quibus
1572 2765 1773 2827 utriculi
1797 2767 2099 2849 appendun-

298 2872 398 2913 tur.
481 2848 644 2910 Circa
682 2865 991 2908 autumnum
1019 2851 1344 2929 vegetatione
1370 2847 1588 2909 validior
1623 2873 1846 2932 gemma,
1886 2871 2097 2933 recepto

301 2936 334 2995 a
370 2954 580 3008 trunco,
618 2930 701 2993 stu
739 2931 903 2992 bulbo
929 2935 1146 2992 nutritio
1184 2931 1399 2992 humore
1432 2933 1761 3015 protuberat,
1803 2934 2096 3016 sursumque

300 3022 526 3102 erigitur,
567 3014 830 3101 novasque
869 3017 902 3076 a
929 3015 1033 3077 bafi
1062 3019 1252 3078 emittit
1290 3013 1528 3080 Radices
1569 3025 1621 3080 ὃ(
1664 3018 1831 3082 senfim
1871 3023 2096 3100 parentis

304 3102 449 3163 bulbi
468 3101 673 3164 succum
690 3102 925 3164 absumit.

389 3188 535 3248 Aron
570 3210 781 3269 quoque
804 3184 996 3269 (137.)
1018 3183 1072 3245 in
1094 3187 1352 3269 principio
1380 3187 1562 3248 aestatis
1584 3186 1762 3269 insigni
1789 3185 1951 3270 pollet
1988 3185 2097 3249 bul-

306 3271 399 3348 bo,
439 3270 521 3333 seu
544 3271 742 3346 tubere,
783 3272 814 3331 a
841 3293 947 3354 quo
969 3273 1022 3328 in
1046 3274 1370 3332 extremitate
1398 3271 1621 3356 pendent
1639 3292 1926 3355 corrugatae
1939 3297 2094 3334 mem-

308 3354 481 3418 branae
494 3356 569 3432 A,
611 3354 807 3416 &loco
843 3358 1087 3437 turgentis
1124 3355 1250 3416 olim
1281 3357 1536 3438 corporis,
1577 3359 1773 3418 minimi
1812 3357 1951 3440 quafi
1986 3356 2094 3440 glo-

311 3437 416 3499 buli
437 3439 707 3522 supersunt.
797 3439 1110 3520 Subsequens
1135 3441 1326 3501 tuberis
1341 3444 1522 3522 portio
1545 3441 1597 3502 B
1617 3441 1883 3523 aeruginofi
1909 3442 2095 3504 coloris

310 3523 642 3587 membraneo
680 3523 971 3599 involucrO,
1012 3524 1196 3610 crispo,
1242 3527 1595 3610 corruptoque
1638 3525 1878 3588 ambitur.
1963 3525 2099 3585 Haec

312 3608 603 3670 circularem
648 3614 845 3694 promit
888 3608 1158 3670 Radicum
1177 3613 1221 3672 C
1243 3634 1494 3673 coronam
1534 3613 1759 3694 gemino,
1800 3608 1880 3668 vel
1913 3609 2098 3690 triplici

1798 3711 2103 3755 contextam
