2600 3952
302 159 2296 201 stam-*-

364 220 399 275 8

940 196 1367 257 MARCELLI
1412 189 1878 250 MALPIGHII

304 274 2297 315 fflffl

272 2308 401 2356 TAB.
429 2324 467 2371 5.

275 2380 322 2423 δι
341 2376 382 2422 6.

513 349 610 380 orta
628 315 754 379 fascia
771 329 807 371 G
821 321 966 370 versus
981 316 1190 362 interiora
1210 310 1320 379 ligni
1334 309 1558 361 obliterari
1574 309 1696 359 solet.
1764 315 2109 378 Componentes
2130 312 2303 360 utriculi

515 405 616 452 licet
633 401 755 449 omni
772 392 858 442 fere
887 387 1086 437 constent
1115 382 1258 435 forma
1276 426 1290 449 ,
1323 385 1514 455 persaepe
1530 386 1709 436 ovalem
1743 385 1958 454 poffident
1989 382 2303 452 configuratio-

512 494 633 534 nem,
649 480 695 520 &
713 474 756 517 in
769 461 1036 529 consumptis
1049 460 1178 530 lignis
1191 464 1387 530 argentei
1402 457 1512 510 sunt.
1579 465 1755 511 Cortici
1770 460 1885 510 adeo
1904 459 2082 523 haerent,
2112 477 2162 509 ut
2175 464 2304 531 ipfius

512 545 820 614 productiones
847 535 1075 585 evidenter
1090 534 1337 598 videantur,
1363 551 1462 602 quae
1479 535 1630 586 statim
1642 553 1693 584 ac
1717 537 1742 584 a
1757 534 1913 604 ligneis
1942 534 2168 604 particulis
2194 537 2303 588 late-

509 618 654 665 raliter
667 609 921 680 urgentibus
935 609 1182 678 profiliunt,
1203 612 1251 656 in
1281 607 1534 657 medullam
1557 608 1761 657 laxantur
1785 627 1796 657 ε
1834 613 1939 660 Haec
1956 609 2154 680 amplior
2168 611 2231 661 est
2257 618 2304 663 in

510 687 704 750 surculiS,
736 706 787 735 ac
814 686 877 735 est
909 690 954 734 in
973 682 1299 750 antiquioribus
1330 685 1465 730 ramis
1482 713 1494 747 3
1531 687 1579 730 δε
1605 682 1803 731 utriculis
1837 683 1920 733 lese
1947 685 2276 755 angustantibus
2290 729 2305 760 5

509 760 819 828 grandioribus
844 776 999 808 tamen
1014 775 1064 806 ac
1092 759 1139 802 in
1150 755 1329 822 reliquo
1351 758 1531 815 cortice,
1553 759 1856 822 componitur.
1925 763 2170 831 Intercepta
2200 782 2302 813 area

510 834 555 881 in
574 835 798 883 delineato
826 831 1059 900 segmento
1072 829 1310 896 inaequalia
1325 825 1556 894 spiralium
1579 827 1788 878 vasorum
1800 849 1879 880 ora
1891 836 1954 883 H
1959 835 2136 885 exhibet
2155 856 2167 885 z
2205 841 2303 886 Ho-

506 926 608 956 rum
620 906 763 954 forma
777 902 1031 973 frequenter
1047 902 1206 964 ovalis‚
1226 899 1303 950 vel
1316 899 1475 949 saltem
1489 902 1679 951 rotunda
1693 903 1999 966 est,interdum
2015 911 2304 980 angularis3&

504 980 773 1048 quandoque
791 979 937 1047 plures
950 975 1203 1045 hujusmodi
1220 973 1372 1025 fistulae
1390 975 1454 1022 ita
1468 971 1552 1023 sese
1565 991 1742 1043 urgent,
1762 993 1811 1025 ut
1829 977 2109 1033 semilunaria
2132 985 2304 1036 orificia

498 1060 623 1121 juxta
637 1055 677 1104 se
690 1054 829 1123 pofita
845 1058 871 1103 I
878 1053 1131 1103 efforment.
1169 1050 1442 1099 Ambiuntur
1455 1066 1610 1099 autem
1622 1051 1648 1099 a
1663 1049 1878 1103 fibrarum
1890 1056 2139 1125 lignearum
2154 1067 2301 1112 conti·

502 1146 632 1177 nente
646 1127 674 1176 s
664 1128 915 1192 atellitio,&
931 1127 988 1177 ab
999 1123 1384 1174 intercurrentibus
1395 1122 1748 1174 transversalium
1763 1130 2058 1181 utriculorum
2072 1135 2302 1185 ordinibus

501 1199 748 1253 firmantur.
767 1202 948 1272 Singula
966 1201 1057 1250 haec
1074 1199 1319 1249 distinctius
1334 1214 1567 1247 occurrunt
1582 1194 1700 1246 seito
1712 1217 1794 1267 per
1809 1199 1993 1269 longum
2006 1204 2132 1274 ligno
2152 1229 2162 1257 :
2188 1214 2305 1261 Inte-

502 1280 592 1327 rior
607 1294 763 1345 namq,
778 1275 1151 1346 perpendicularis
1173 1272 1419 1323 altitudinis
1447 1269 1695 1341 superficies
1709 1273 1885 1341 spiralia
1897 1277 2001 1327 vasa
2012 1281 2063 1342 J<
2076 1284 2304 1352 inaequalis

500 1351 818 1418 magnitudinis
845 1350 1002 1417 offert3
1037 1349 1127 1397 haec
1147 1346 1351 1396 tubulosa
1383 1346 1479 1396 sunt
1497 1345 1850 1412 &subrotunda,
1879 1349 2128 1404 identidem
2149 1375 2304 1408 tamen

498 1424 801 1491 angustantur,
824 1431 872 1474 δι
891 1425 1107 1494 perpetuo
1121 1440 1288 1491 patent,
1302 1421 1590 1489 nullumque,
1608 1439 1657 1471 ut
1675 1419 1907 1473 observare
1918 1432 2062 1493 potui,
2074 1429 2307 1487 effiindunt

499 1494 741 1546 humorem
761 1517 771 1546 :
807 1499 1031 1567 Argentea
1050 1497 1218 1547 lamina
1231 1500 1335 1560 L,in
1357 1494 1520 1565 spiram
1534 1497 2165 1567 contorta,componuntur,ut
2178 1503 2306 1557 facile

499 1569 786 1636 laceratione,
800 1575 823 1637 ζ
825 1572 946 1622 velut
961 1575 1008 1620 in
1021 1570 1306 1638 bombycinis
1321 1571 1502 1619 tracheis
1516 1585 1718 1638 expertus
1730 1570 1915 1635 sum,)in
1927 1573 2040 1624 hanc
2054 1577 2316 1649 oblongam!

501 1651 549 1693 ὃς
567 1650 876 1697 continuatam
890 1645 1381 1696 fastiamresolvantur.
1421 1648 1619 1695 Lamina
1635 1644 1742 1707 haec,
1767 1643 1800 1693 fi
1812 1646 1993 1698 ulterius
2005 1651 2309 1723 microscopio

499 1717 724 1784 lustretur,
741 1719 965 1789 particulis
978 1719 1248 1789 squamatim
1275 1722 1588 1787 componitur3
1622 1719 1746 1786 quod
1768 1723 1909 1769 etiam
1923 1725 1970 1772 in
1983 1726 2167 1776 tracheis
2192 1727 2303 1778 inse..

500 1797 678 1841 &orum
706 1793 1062 1861 deprehenditur.
1089 1791 1332 1861 Spiralibus
1354 1792 1468 1840 hisce
1483 1787 1688 1854 vasculis,
1701 1792 1772 1842 seu
1790 1809 1840 1841 ut
1852 1796 2003 1844 verius
2015 1797 2192 1867 loquar,
2215 1819 2305 1852 tra-

500 1865 634 1930 cheis,
650 1867 806 1936 ligneae
823 1865 941 1916 fibrae
957 1870 1017 1916 M
1021 1866 1215 1930 adstant,
1241 1883 1342 1935 quae
1358 1864 1599 1916 secundum
1626 1864 1955 1935 longitudinem
1979 1873 2223 1938 produrstae,
2245 1878 2304 1927 ad

503 1944 733 2006 majorem
747 1941 1074 1992 firmitudinem
1092 1948 1141 1991 &
1154 1940 1309 2004 robur,
1340 1939 1706 1992 transversalium
1726 1942 2023 1994 utriculorum
2044 1947 2225 2000 ordines
2245 1955 2310 2018 Ν

502 2011 850 2083 superequitant‚
863 2018 925 2065 ita
937 2033 985 2065 ut
998 2014 1079 2066 fiat
1090 2014 1227 2065 veluti
1245 2015 1404 2065 storea.

569 2093 618 2136 In
631 2090 846 2153 arboribus,
858 2089 1018 2157 quibus
1034 2093 1188 2157 ingens
1204 2089 1381 2156 affurgit
1392 2104 1584 2152 truncus,
1609 2090 1731 2139 varie
1743 2093 1907 2158 pariter
1920 2090 2162 2144 inseruntur
2172 2113 2300 2146 com·

499 2179 713 2230 ponentes
729 2163 857 2232 ipfius
870 2179 1036 2231 partes,
1070 2181 1222 2232 quare,
1249 2161 1448 2212 detracto
1458 2165 1636 2226 cortice,
1663 2166 1711 2212 in
1739 2164 1887 2233 lignea
1901 2171 2124 2235 portione,
2151 2173 2300 2221 caudi-

500 2255 619 2300 cem,
632 2257 782 2287 ramos
797 2242 988 2305 majores
1002 2245 1050 2288 &
1066 2241 1260 2286 minores
1270 2240 1502 2302 excitante,
1513 2237 1691 2308 elegans
1704 2245 1893 2290 occurrit
1905 2241 2116 2294 structura
2130 2278 2143 2314 5
2156 2263 2299 2315 quam

499 2313 653 2380 primo
667 2315 711 2360 in
714 2312 854 2379 salice,
871 2316 1060 2378 &populo
1081 2332 1142 2361 20
1155 2317 1463 2379 perquiremus
1478 2345 1489 2379 3
1525 2330 1624 2380 quae
1649 2329 1698 2361 ut
1709 2317 1959 2382 promptius
1983 2325 2030 2366 δε
2046 2320 2207 2368 clarius
2217 2338 2299 2387 pa-

501 2403 603 2448 teat,
616 2386 768 2454 ligneae
803 2388 1017 2452 portionis
1041 2382 1173 2434 sectio
1185 2384 1603 2453 perpendiculariter
1615 2388 1640 2434 a
1654 2389 1822 2435 cortice
1858 2392 1905 2435 in
1922 2392 2173 2441 medullam
2185 2391 2263 2442 fiat
2281 2407 2293 2437 τ

500 2463 707 2531 Copiosae
736 2467 903 2512 etenim
917 2480 1145 2532 emergent
1157 2463 1314 2531 ligneae
1342 2461 1500 2511 fistulae-
1513 2468 1566 2525 A,
1590 2477 1688 2528 quae
1703 2461 1823 2531 quafi
1837 2466 2057 2531 parallelae
2071 2469 2295 2521 deducun-

493 2547 580 2600 tur,
605 2544 653 2586 &
678 2537 1029 2587 transversalium
1057 2537 1347 2587 utriculorum
1367 2537 1543 2586 ordines
1563 2537 1604 2583 Β
1618 2539 1681 2585 ita
1696 2534 2021 2606 superequitant
2035 2584 2048 2607 ,
2078 2560 2128 2593 ut
2139 2543 2295 2600 firmus

490 2609 568 2659 fiat
586 2631 732 2660 nexus.
782 2612 1053 2680 Hujusmodi
1081 2608 1383 2663 transversales
1409 2611 1584 2660 ordines
1613 2611 1638 2659 a
1664 2613 1826 2659 cortice
1845 2631 2116 2682 emananteS,
2143 2624 2296 2672 versus

493 2687 743 2735 medullam
758 2686 1095 2737 horizontaliter
1109 2687 1384 2736 deducuntur
1399 2719 1411 2755 3
1445 2704 1538 2734 non
1549 2701 1705 2734 tamen
1720 2684 1884 2754 singuli
1901 2687 2042 2757 ipsam
2057 2697 2295 2765 attingunt,

492 2757 565 2809 sed
577 2764 700 2823 novi,
727 2779 818 2810 non
836 2762 964 2831 longe
982 2765 1008 2812 a
1027 2762 1182 2811 medio
1198 2760 1377 2824 suborti,
1401 2760 1592 2810 eandem
1612 2759 1989 2828 implicationem,
2021 2767 2132 2817 dum
2145 2775 2291 2821 versus

492 2853 696 2885 centrum
724 2836 1012 2900 deducuntur,
1040 2834 1239 2886 subeunt.
1309 2841 1421 2885 Inter
1444 2835 1608 2904 ligneas
1625 2832 1790 2885 fistulas
1807 2843 1859 2900 A,
1884 2837 2060 2907 spitales
2083 2842 2234 2894 fistulae
2261 2850 2296 2895 c

492 2912 819 2979 longitudinem
833 2929 1106 2961 excurrentes
1121 2911 1335 2976 locantur,
1361 2927 1461 2979 quae
1475 2909 1633 2979 patulo
1650 2927 1727 2960 ore
1739 2914 1900 2978 jacent.

560 2983 673 3036 Non
708 2991 873 3037 minori
903 2986 1112 3038 vasorum
1139 3003 1352 3054 apparatu
1396 2993 1445 3036 &
1470 2985 1774 3054 implicatione
1798 2991 2008 3037 excitatur
2054 2990 2200 3040 roboris
2238 3001 2286 3044 ἅς

495 3076 652 3124 quercus
670 3080 720 3109 21
742 3061 933 3130 lignum,
961 3078 1055 3129 quo
1081 3078 1255 3109 truncus
1281 3060 1528 3129 reliquique
1544 3064 1658 3109 rami
1686 3061 2019 3113 constituuntur.
2086 3069 2286 3116 Exterius

498 3150 575 3199 per
590 3133 776 3202 longum
790 3135 945 3203 ligneae
962 3135 1117 3184 fistulae
1131 3142 1168 3186 A
1179 3151 1426 3197 excurrunt,
1436 3134 1629 3202 obliquae
1642 3152 1811 3200 tamen,
1826 3154 1875 3186 ut
1889 3155 1998 3186 areae
2010 3138 2051 3184 Β
2064 3137 2286 3214 resultent,

497 3223 580 3272 pro
593 3208 768 3258 diverfis
784 3208 1078 3259 utriculorum
1097 3209 1283 3259 seriebus
1311 3209 1647 3259 horizontaliter
1661 3211 1817 3261 ducitis.
1884 3217 2043 3260 Praeter
2054 3210 2130 3260 has
2146 3232 2283 3283 areaS,

500 3277 586 3325 alia
599 3280 767 3348 infiiper
782 3284 807 3330 a
820 3282 974 3331 laxatis
996 3283 1270 3352 curvatisque
1285 3282 1406 3332 fibris
1432 3283 1654 3350 ampliora
1670 3290 1910 3334 excitantur
1922 3281 2074 3350 spatia,
2087 3285 2279 3356 oblonga

501 3358 547 3399 &
564 3353 760 3418 angulari
782 3353 924 3405 forma
954 3356 1148 3423 praedita,
1175 3374 1273 3425 quae
1302 3357 1485 3426 insignes
1513 3357 1652 3406 veluti
1678 3356 1832 3422 falciae,
1855 3357 2146 3408 utriculorum
2160 3364 2277 3410 ordi-

500 3444 574 3474 nes
590 3431 622 3476 C
630 3426 811 3493 replent.
881 3434 1140 3481 Interiorem
1170 3432 1577 3500 perpendicularem
1593 3436 1836 3500 regionem,
1863 3430 1948 3480 fere
1963 3447 2120 3496 totam,
2145 3433 2277 3484 fibra-

502 3522 603 3551 rum
626 3501 768 3550 moles
788 3506 832 3551 D
861 3523 1060 3574 occupat,
1083 3526 1180 3576 quae
1207 3508 1390 3577 oblique
1412 3527 1490 3577 per
1515 3507 1700 3576 longum
1726 3510 1864 3558 duetae
1889 3507 2026 3555 talem
2050 3508 2276 3560 sortiuntur

500 3576 872 3645 implicationem,
886 3595 1027 3645 quam
1044 3582 1209 3631 ruditer
1234 3582 1498 3634 adumbrare
1529 3586 1724 3633 tentavi:
1763 3579 2025 3647 Hujusmodi
2040 3578 2191 3630 fistulae
2206 3601 2271 3632 tu-

2113 3655 2271 3707 bulosae
