2600 3952
266 186 2250 220 w

325 254 352 289 2

838 224 1280 283 MARCELLI
1351 214 1827 273 MALPIGHII

547 351 821 404 Manifestius
848 357 1027 392 exarata
1054 352 1288 405 emergunt
1303 339 1350 385 in
1361 335 1497 386 craffo
1524 340 1598 403 apii
1610 338 1737 405 rustici
1767 338 1989 399 4cortice,
2005 341 2125 402 cujus
2141 355 2260 387 exte-

481 434 645 478 riorem
659 423 912 490 portionem
930 425 1081 459 tenent
1097 410 1271 459 utriculi
1290 416 1328 462 A
1337 412 1590 460 continuata
1607 409 1713 459 serie
1723 409 1900 458 deducti
1918 408 2055 477 usqne
2080 411 2136 458 ad
2152 410 2260 480 ligni

479 497 723 547 confinium
740 492 778 537 Β
796 519 808 549 ‚-
829 485 904 533 sub
918 483 1111 532 cuticula
1127 486 1287 551 pariter
1302 482 1510 552 disparati
1536 484 1747 533 situantur
1774 482 1988 533 fibrarum
2012 482 2264 552 lignearum

479 567 666 618 fasciculi
683 566 726 624 C,
748 558 912 628 quibus
937 555 1076 620 sestiS,
1103 556 1349 606 fistularum
1364 560 1499 605 oraD
1520 575 1685 625 patent.
1753 558 2011 608 Confimilis
2025 558 2139 608 ordo
2160 578 2262 609 ver-

479 644 547 690 sus
562 640 733 703 lignum
760 636 800 681 Β
831 631 1100 692 observatur,
1128 631 1255 698 hujus
1286 647 1439 679 tamen
1464 629 1653 680 fasciculi
1684 636 1723 681 E
1750 636 1944 683 minores
1971 632 2079 683 sunt.
2147 638 2263 684 Inter

477 709 685 761 utriculos
714 708 948 757 craffitiem
973 719 1310 771 componentes,
1336 701 1563 770 vasorum,
1591 709 1785 771 gummi,
1806 706 1926 756 laetis
1946 707 2095 772 instar,
2123 707 2262 760 effim-

477 785 682 833 dentium
703 800 782 830 ora
796 783 835 828 F
844 795 1007 846 patent,
1033 783 1081 825 &
1097 775 1295 842 pluribus
1325 774 1512 823 seriebus
1541 776 1844 844 disponuntur.

547 861 661 920 Qae
688 850 912 917 hucusque
941 848 1225 897 lustravimus
1250 851 1297 894 in
1321 846 1523 913 expositis
1549 848 1708 916 plantis
1725 890 1739 913 ,
1771 851 1832 899 ob
1853 857 2143 923 exiguitatem
2170 875 2265 909 non

479 929 605 978 facile
635 924 769 972 fiensus
802 922 973 970 nostros
1005 937 1224 987 movent3
1257 919 1361 968 ideo
1386 917 1646 970 subobscura
1673 922 1873 974 latitant:
1910 928 2171 983 Evidentius
2186 950 2263 982 au-

480 1016 572 1049 tem
590 993 930 1048 manifestantur
941 995 1158 1063 indagatis
1171 992 1408 1043 corticibus
1424 992 2054 1070 Arborum,reliquorumque,
2066 1007 2144 1071 qui
2160 1004 2262 1054 fim-

480 1073 583 1142 plici
610 1079 657 1121 &
673 1071 878 1119 distincta
891 1069 1111 1117 donantur
1122 1085 1358 1136 compage.

546 1149 593 1193 In
612 1144 799 1193 Cannabis
821 1163 841 1209 5
863 1145 1043 1204 cortice,
1056 1140 1202 1190 ablata
1218 1140 1405 1190 cuticula
1418 1144 1482 1203 A,
1508 1158 1610 1210 quae
1625 1142 1820 1192 candidis
1836 1144 1965 1213 spinis
1982 1151 2040 1212 ΞΒ,
2057 1150 2265 1203 inferiora

478 1222 627 1269 versus
650 1222 842 1269 recurvis
861 1259 873 1280 ,
902 1218 1173 1284 cooperitur,
1196 1218 1312 1265 varii
1327 1215 1498 1265 utriculi
1528 1215 1691 1265 virides
1708 1233 1943 1269 occurrunt
1957 1262 1971 1285 ,
2004 1222 2080 1272 sub
2103 1226 2267 1293 quibus

481 1292 697 1343 fibrarum
711 1291 944 1360 multiplex
960 1307 1049 1339 rete
1061 1290 1263 1339 conditur
1280 1323 1291 1358 3
1325 1294 1447 1358 cujus
1460 1307 1639 1358 partem
1651 1289 1871 1341 delineare
1882 1294 2064 1362 placuit.
2132 1303 2265 1351 Circa

481 1361 680 1430 ligneam
697 1358 1189 1429 portionem,involucri
1205 1359 1432 1427 instar,per
1444 1357 1633 1426 longum
1647 1356 2003 1422 fibrae,reticulari
2016 1382 2152 1432 opere
2167 1385 2269 1419 con.

483 1451 611 1483 textae
623 1435 897 1483 deducuntur
915 1466 925 1500 3
961 1433 1025 1482 hae
1042 1433 1139 1482 licet
1167 1437 1214 1482 in
1228 1430 1452 1483 fasciculos
1483 1435 1515 1480 C
1529 1431 1791 1500 colligentur
1806 1473 1820 1497 ,
1844 1453 1938 1484 non
1951 1455 2089 1486 unam
2111 1457 2266 1509 perpe-

482 1508 561 1561 tuo
591 1506 832 1575 sequuntur
857 1506 1093 1570 costulam,
1118 1503 1190 1555 sed
1206 1505 1456 1575 frequenter
1479 1508 1691 1574 proximo
1718 1505 1929 1558 affociatae
1954 1506 2175 1576 fasciculo,
2197 1516 2269 1563 cui

482 1580 607 1631 brevi
631 1587 821 1631 comites
847 1580 960 1630 fiunt
975 1623 988 1646 ,
1013 1586 1178 1631 iterum
1206 1581 1444 1650 obliquatae
1470 1585 1621 1649 primo
1646 1579 1890 1631 redduntur
1916 1581 2133 1636 fasciculo,
2201 1592 2270 1637 Ex

486 1655 567 1705 hac
583 1659 731 1725 itaque
745 1655 961 1705 fibrarum
976 1656 1296 1706 divaricatione
1309 1674 1418 1704 areae
1435 1659 1481 1704 D
1495 1653 1780 1722 consurgunt,
1806 1672 1907 1723 quae
1920 1657 2218 1711 utriculorum
2231 1666 2270 1711 E

486 1731 612 1798 copia
631 1731 853 1798 replentur
869 1735 1066 1780 invicem
1083 1730 1414 1792 cohaerentium,
1439 1736 1488 1779 &
1501 1728 1837 1779 horizontaliter
1852 1730 2131 1784 fituatorum.
2165 1731 2269 1786 Sucss

484 1804 644 1853 cedunt
656 1805 856 1871 subjectae
872 1804 1090 1854 fibrarum
1104 1820 1390 1865 contexturae,
1420 1802 1581 1870 quibus
1593 1802 1737 1852 veluti
1752 1819 1820 1851 tot
1833 1806 2071 1854 involucris
2097 1808 2272 1876 lignum

482 1876 799 1942 circumdatur,
819 1895 1012 1946 quarum
1024 1895 1133 1926 areae
1148 1876 1302 1926 sensim
1316 1878 1521 1924 minores
1539 1873 1649 1938 sunt,
1664 1883 1712 1926 &
1723 1876 1993 1927 acutioribus
2010 1879 2185 1947 pollent
2199 1901 2274 1932 ana

482 1950 614 2017 gulis,
643 1952 783 1999 donec
809 1969 951 2020 prope
966 1950 1143 2019 lignum
1170 1951 1263 1999 libe'r
1283 1951 1518 2013 excitetur,
1544 1951 1593 1997 in
1620 1966 1715 2017 quo
1738 1946 1954 2000 fibrarum
1979 1948 2168 2004 fasciculi
2191 1973 2274 2024 pa-

482 2042 583 2073 rum
599 2023 887 2092 obliquantur
905 2057 916 2092 3
953 2024 1071 2073 unde
1094 2027 1297 2073 minimae
1327 2022 1423 2072 sunt
1438 2041 1562 2072 areae.
1634 2022 1863 2087 Qaelibet
1885 2023 2015 2089 fibra,
2041 2025 2111 2077 seu
2125 2027 2273 2097 lignea

483 2093 642 2159 fistula,
659 2115 727 2146 tot
741 2099 965 2167 quadratis
979 2098 1067 2147 fere
1083 2097 1341 2165 corporibus
1358 2098 1394 2145 F
1416 2100 1614 2146 invicem
1629 2096 1849 2146 hiantibus
1867 2099 2049 2149 constat.

550 2168 733 2238 Infizlice,
752 2179 798 2220 &
814 2175 946 2238 populo
965 2175 1010 2236 6,
1024 2171 1272 2223 evidentior
1294 2173 1480 2239 emergit
1500 2169 1743 2238 struCtura3
1776 2174 1824 2220 in
1848 2172 1930 2222 hac
1943 2178 2068 2223 enim
2081 2180 2274 2226 exterior

485 2260 637 2291 cortex
652 2243 774 2313 asper
789 2245 877 2312 est3
913 2264 1020 2294 nam
1058 2243 1420 2294 subcrescentibus
1444 2246 1631 2293 interius
1656 2243 1928 2314 singulorum
1954 2266 2180 2299 annorum
2204 2253 2272 2299 in-

487 2322 734 2380 crementis,
754 2319 964 2380 cuticula,
983 2322 1090 2366 cum
1110 2318 1281 2366 dilatari
1299 2335 1503 2384 nequeat,
1531 2317 1767 2368 necessario
1792 2316 1989 2384 solvitur,
2011 2322 2143 2387 unde,
2156 2341 2271 2374 tem-

487 2395 607 2458 poris
631 2392 925 2454 diuturnitate,
942 2391 1118 2458 subjesti
1146 2394 1284 2438 etiam
1297 2394 1470 2438 corticis
1498 2408 1589 2438 non
1602 2410 1743 2459 pauca
1759 2394 1975 2442 'craffities
1998 2396 2096 2444 altis
2121 2398 2270 2465 perfb-

488 2463 605 2513 ditur
622 2464 812 2514 scissuris.
881 2465 1047 2514 Abrasa
1061 2466 1214 2530 itaque
1240 2461 1426 2511 cuticula
1446 2466 1494 2510 in
1508 2466 1641 2513 tenella
1661 2468 1807 2531 populo,
1831 2483 1923 2516 rete
1936 2472 2135 2533 occurrit,
2148 2470 2270 2540 quod

493 2535 702 2590 fasciculis
714 2544 769 2591 A
775 2539 830 2589 de
859 2557 985 2589 more
1000 2535 1320 2605 multiplicibus
1343 2534 1461 2584 fibris
1474 2542 1791 2605 coagmentatis
1814 2539 2010 2608 constat3
2045 2543 2273 2611 inaequalis

493 2614 805 2681 magnitudinis
820 2622 866 2664 δι
881 2613 1030 2682 figurae
1048 2630 1157 2661 areae
1174 2613 1213 2659 Β
1228 2614 1487 2674 excitantur,
1511 2630 1566 2662 ex
1581 2615 1705 2661 varia
1716 2611 1930 2663 fibrarum
1948 2618 1980 2663 C
1991 2616 2270 2686 obliquitate.

492 2686 717 2755 Asmgulo
744 2685 950 2737 fasciculo
964 2694 1002 2739 A
1025 2685 1220 2756 pendent
1246 2692 1294 2735 &
1309 2688 1564 2734 exoriuntur
1592 2686 1887 2737 utriculorum
1912 2689 2086 2741 ordines
2106 2696 2168 2758 D,
2191 2698 2270 2762 qui

490 2760 818 2811 horizontalem
838 2760 1056 2811 servantes
1078 2761 1227 2822 situm,
1246 2758 1578 2826 versuslignum
1605 2762 1821 2830 praecipue
1847 2762 2092 2833 diriguntur
2107 2799 2118 2834 3
2152 2767 2271 2817 unde

491 2845 570 2894 per
587 2846 707 2876 areas
724 2831 781 2893 Β,
796 2832 907 2880 intra
924 2830 1156 2897 elongatae,
1193 2829 1364 2877 corticis
1395 2828 1629 2876 craffitiem
1645 2834 1866 2897 excitant3
1901 2833 2083 2901 reliquae
2096 2835 2205 2884 vero
2214 2835 2272 2884 ab

494 2903 699 2950 exteriori
718 2899 1030 2952 fasciculorum
1043 2909 1080 2954 A
1091 2904 1298 2969 portione
1318 2917 1456 2949 enatae
1478 2899 1632 2965 fasciae,
1654 2903 1852 2953 obstante
1864 2907 2072 2969 cuticula,
2085 2914 2133 2956 ὃς,
2155 2911 2268 2958 aeris

495 2976 798 3041 inclementia,
827 2996 988 3045 parum
1016 2977 1333 3045 producuntur.
1400 2977 1647 3024 Succedunt
1668 2976 1858 3044 subjecta
1881 2980 2270 3031 reticulariainvo-

496 3049 635 3114 lucra,
659 3068 854 3119 quorum
883 3052 1037 3119 ligneae
1065 3048 1185 3099 fibrae
1211 3053 1249 3098 E
1270 3049 1326 3097 ab
1340 3066 1518 3098 exarata
1536 3050 1800 3119 obliquitate
1827 3054 2085 3117 recedentes,
2109 3057 2270 3105 arctio-

498 3142 563 3171 res
577 3126 843 3174 constituunt
858 3144 976 3174 areas
989 3127 1037 3187 P,
1052 3122 1185 3172 solitis
1209 3123 1407 3172 utriculis
1433 3121 1623 3172 refertas.
1691 3128 1822 3190 Liber,
1846 3127 1917 3175 seu
1936 3130 2120 3177 interior
2138 3133 2268 3179 corti-

500 3201 559 3244 cis
582 3202 781 3261 amictus,
800 3199 921 3266 ligno
934 3202 1179 3266 contiguus,
1210 3196 1423 3247 fibrarum
1436 3201 1580 3265 Gpari
1601 3198 1822 3268 progressu
1848 3201 2127 3269 perlongum
2142 3221 2268 3254 com-

501 3274 678 3335 ponitur
694 3315 707 3337 ,
733 3290 781 3320 ut
808 3276 1011 3321 minimae
1037 3290 1145 3321 areae
1181 3276 1240 3322 H
1257 3273 1590 3322 horizontaliter
1619 3276 1771 3323 ductos
1793 3274 2030 3338 utriculos,
2067 3283 2114 3326 &
2139 3280 2187 3326 in
2214 3278 2267 3326 li-

499 3360 637 3408 gnum
659 3346 697 3393 le
729 3346 770 3394 se
804 3345 1063 3394 insinuantes
1092 3347 1340 3395 admittant.
1408 3353 1563 3416 Ingens
1588 3348 1650 3396 est
1676 3350 1981 3397 ,reticularium
2006 3349 2222 3416 plexuum
2248 3355 2275 3398 Ι

504 3434 727 3479 numerus,
741 3419 898 3486 quibus
912 3436 1005 3468 tota
1022 3420 1155 3469 arbor
1175 3421 1366 3471 ambitur
1380 3463 1393 3485 ,
1429 3429 1477 3471 δι
1503 3425 1613 3472 inter
1626 3422 1705 3471 hos
1725 3423 1959 3490 pendentes
1973 3423 2268 3473 utriculorum

505 3489 680 3537 ordines
703 3496 748 3537 &
767 3495 930 3541 racemi
956 3494 1247 3561 Kmediant3
1287 3494 1443 3545 sensim
1458 3512 1611 3545 tamen
1625 3500 1686 3545 ita
1699 3494 1928 3562 angustant
1942 3494 2094 3562 spatia,
2118 3511 2168 3544 ut
2179 3502 2265 3545 mi-

504 3566 615 3611 nimi
642 3562 727 3613 fere
747 3568 1074 3634 intercipiantur
1089 3570 1265 3619 utriculi
1294 3574 1402 3618 inter
1415 3570 1664 3619 reticularia
1678 3570 1912 3618 involucra
1926 3573 1976 3629 L,
2005 3568 2268 3635 quibuslibet

500 3642 800 3706 componitur,
2218 3650 2267 3694 In
