2600 3952
333 170 2331 214 ffl—

394 245 452 282 10

944 206 1372 266 MARCELLI
1418 197 1887 258 MALPIGHJI

336 287 2333 324 “ast—*—

549 337 771 385 succeffivfi
787 331 981 398 plurium
1005 321 1227 370 seminum
1250 317 1572 386 productione}
1611 320 1739 368 Nam
1753 318 1907 387 primo
1931 320 1979 367 in
2005 315 2332 385 colliquamen-

544 428 592 458 to
607 411 797 456 minima
813 396 1011 469 plantula
1037 391 1235 460 expansis
1259 392 1375 443 binis
1391 391 1525 458 foliis,
1541 392 1665 444 velut
1679 393 1773 458 alis,
1801 410 1958 442 trunco
1987 390 2092 440 exili
2117 395 2333 460 appenfis,

541 482 724 546 emergit
740 510 750 543 3
787 471 939 523 foliola
952 468 1062 517 vero
1089 464 1244 518 senfim
1258 474 1401 532 aucta,
1430 477 1478 519 &
1492 471 1691 519 craffiora
1706 470 1879 519 reddita
1893 471 1956 518 ita
1968 483 2334 536 contorquentur,

540 562 585 603 ὃς
604 550 941 615 complicantur,
969 542 1221 611 urgentibus
1249 541 1486 611 parietibus
1513 547 1777 593 continentis
1806 541 2084 613 receptaculi,
2109 541 2186 592 vel
2202 547 2334 592 corti-

537 631 672 683 cis,ut
685 621 882 668 alienam
896 617 1083 665 induant
1100 617 1303 685 speciem.
1371 619 1477 664 Haec
1495 636 1647 680 nucum,
1659 619 1933 684 castanearum,
1963 617 2180 682 cucurbitae,
2205 617 2334 667 &di-

536 693 762 743 versorum
782 691 1061 760 leguminum
1074 690 1220 758 figuris
1233 689 1463 757 patebunt.
1532 690 1768 740 Familiare
1787 691 1850 740 est
1862 690 1943 760 ipsi
1955 694 2157 755 Naturae,
2172 690 2335 742 foetum

533 769 649 816 hunc
669 772 713 816 in
734 767 1087 832 colliquamento
1112 780 1370 811 morantem
1383 763 1583 830 placenta
1614 765 1838 814 interdum
1849 766 1952 828 una,
1983 766 2255 836 quandoque
2269 767 2334 817 al-

534 844 642 904 tera,
659 839 869 889 foliorum
883 839 1058 886 hiatum
1072 836 1285 903 replente,
1302 836 1493 903 donare3
1528 853 1578 885 ut
1606 840 1651 886 in
1668 841 1879 903 cucurbita,
1904 842 2094 904 aveHana,
2121 844 2335 911 amygdala,

529 930 652 979 pomo,
677 921 724 963 &
751 912 1026 980 leguminibm,
1052 926 1250 977 quorum
1264 908 1543 960 succeffivam
1571 913 1911 980 productionem
1931 914 2196 965 delineabo:
2267 921 2334 967 Si-

534 989 717 1054 mulque
731 1004 972 1053 exponam,
999 981 1260 1034 seminalem
1287 985 1400 1035 hanc
1413 985 1684 1054 plantulam,
1706 1006 1797 1036 non
1810 987 1954 1038 solum
1972 991 1998 1038 a
2010 989 2227 1058 placenta,
2260 989 2331 1039 sed

532 1065 556 1111 a
572 1062 925 1130 colliquamento
939 1058 1219 1123 immediate,
1247 1062 1498 1108 nutritionis
1525 1066 1575 1109 &
1594 1063 1809 1109 auctionis
1832 1065 2070 1112 materiam
2097 1082 2176 1132 per
2202 1063 2332 1114 folio-

530 1151 631 1183 rum
651 1135 953 1203 peripheriam
979 1137 1200 1202 recipere3
1235 1134 1362 1203 quod
1386 1135 1443 1183 de
1455 1138 1688 1186 Animalium
1713 1137 1853 1184 etiam
1871 1132 2044 1185 foetibus
2069 1141 2115 1185 in
2142 1138 2333 1188 humore

531 1209 830 1259 innatantibus
858 1209 1053 1258 dubitari
1082 1209 1243 1278 potest.
1312 1211 1390 1273 At,
1407 1211 1514 1258 cum
1528 1228 1621 1257 non
1634 1209 1907 1259 adamuffim
1919 1212 2072 1259 eandem
2084 1209 2222 1261 servet
2233 1217 2333 1264 Na-

530 1300 626 1332 tura
640 1284 842 1353 regulam
857 1289 903 1333 in
928 1283 1254 1354 configurandis
1267 1280 1554 1333 seminalibus
1572 1284 1800 1353 plantulis,
1825 1287 1969 1345 varias
1981 1283 2148 1334 addam
2160 1285 2336 1356 figuras,

529 1371 673 1422 avenae,
704 1365 751 1407 &
765 1365 883 1409 tritici
896 1360 1129 1428 praecipue,
1154 1376 1277 1425 cujus
1300 1357 1503 1428 plantula
1532 1358 1844 1428 placentulam
1859 1356 2009 1421 habet,
2029 1358 2226 1409 radicem
2241 1366 2334 1428 ejus

526 1428 755 1480 foventem
774 1465 785 1500 3
821 1433 911 1481 haec
924 1438 1049 1502 gravi
1065 1433 1343 1495 carnihaeret,
1375 1450 1474 1500 quae
1487 1433 1589 1482 loco
1613 1432 1708 1482 folii
1734 1430 1960 1482 convoluti
1985 1448 2108 1481 extat
2129 1451 2140 1479 ε
2178 1434 2334 1487 Inaliis

526 1506 635 1554 vero
664 1503 916 1570 seminibus,
947 1507 1166 1574 praecipue
1189 1505 1398 1569 bulbofis,
1431 1505 1646 1576 plantula,
1673 1525 1894 1575 caeparum
1925 1524 2069 1569 more,
2094 1507 2334 1558 involucris

524 1584 809 1646 componitur
821 1580 1037 1648 pluribus,
1050 1597 1150 1648 quae
1164 1579 1378 1629 foliorum
1390 1584 1509 1630 vices
1527 1580 1639 1629 forte
1651 1578 1852 1649 supplent
1867 1614 1879 1650 3
1911 1580 2089 1630 seminis
2104 1583 2214 1632 vero
2225 1601 2334 1632 con-

524 1651 706 1719 globata
719 1673 837 1717 caro,
850 1655 1060 1723 placentae
1075 1658 1257 1718 vicaria,
1275 1654 1376 1704 hinc
1391 1654 1495 1704 inde
1507 1655 1693 1719 locatur,
1717 1673 1766 1704 ut
1777 1672 1899 1723 patet
1910 1658 1957 1703 in
1974 1657 2170 1706 Matthioli
2183 1659 2332 1720 hyacin-

524 1729 604 1791 tho,
629 1731 719 1791 lilio,
737 1736 785 1777 δε
806 1731 1002 1798 asparago.

588 1806 789 1851 Exaratae
810 1803 1047 1852 Seminales
1061 1802 1361 1870 plantae,quafi
1373 1820 1586 1870 gemmae,
1597 1800 1676 1850 suo
1687 1801 1922 1852 involucro
1942 1801 2184 1864 custoditae‚
2201 1804 2226 1850 a
2241 1802 2332 1851 sur-

521 1874 629 1922 culis
642 1876 797 1923 medio
814 1875 978 1925 fibrolb
990 1874 1211 1937 fasciculo,
1240 1875 1467 1924 tracheam
1485 1875 1727 1939 ambiente,
1752 1877 1796 1925 el
1805 1878 1977 1943 ongari,
1993 1881 2043 1924 δι
2056 1873 2115 1923 ab
2129 1874 2229 1943 ipfis
2252 1877 2332 1925 de-

520 1947 666 1997 cidere
683 1950 916 2012 videntur3
952 1966 1091 2017 quare
1112 1952 1365 2003 extremitas
1394 1953 1535 1999 trunci
1559 1946 1779 2000 seminalis
1791 1948 2000 2019 plantulae
2024 1949 2174 1999 versus
2197 1949 2332 2001 instr-

519 2026 692 2072 tionem
712 2024 844 2092 lignei
860 2023 1049 2074 fasciculi
1065 2022 1317 2094 frequenter
1340 2024 1560 2094 dirigitur,
1591 2025 1712 2075 &ab
1729 2022 1824 2094 ipso
1847 2041 2009 2093 parurn
2032 2022 2198 2074 distans
2207 2024 2331 2093 sepa.-

519 2102 605 2145 rari
623 2099 796 2148 videtur
810 2118 865 2149 eo
878 2103 922 2148 in
937 2099 1055 2164 loce,
1073 2103 1152 2168 qui
1168 2099 1383 2150 umbilicus
1395 2100 1570 2163 dicitur,
1583 2092 1767 2149 ob'hanc
1780 2098 1892 2149 forte
1902 2101 2123 2150 rationem
2139 2131 2152 2167 3
2185 2114 2329 2167 quam

517 2176 820 2237 conjecturam
858 2174 958 2221 aliis
976 2173 1159 2222 firmare
1186 2173 1399 2223 conabor.
1469 2179 1517 2223 In
1550 2173 1943 2223 confirmationem
1973 2171 2216 2235 difflmum,
2232 2171 2328 2222 dia-

517 2250 638 2293 rium
651 2250 988 2314 germinationis
1001 2243 1241 2310 seminum,
1254 2247 1542 2313 quarundam
1558 2249 1819 2317 plantarum
1833 2245 2034 2297 iconibus
2055 2245 2331 2310 distinstum,

519 2319 701 2369 addam.

585 2399 747 2443 Praeter
762 2399 958 2455 Semina,
990 2393 1079 2441 alia
1110 2392 1283 2460 insuper
1297 2390 1602 2456 observantur,
1631 2392 1689 2442 ab
1718 2390 1950 2441 arboribus
1980 2396 2030 2439 &
2056 2390 2325 2458 quibusdam

517 2467 678 2535 plantis
702 2470 956 2536 pendentia,
980 2484 1029 2516 ut
1045 2482 1249 2528 amentum,
1268 2469 1400 2534 gallae,
1420 2468 1632 2535 spongiolae,
1663 2473 1711 2516 &
1726 2464 1873 2515 villofi
1896 2464 2098 2528 tuberculi,
2126 2481 2323 2534 quorum

517 2545 789 2611 peculiarem
815 2545 1043 2594 instituam
1070 2541 1336 2592 sermonem.
1405 2541 1676 2591 Admodum
1708 2544 1833 2589 enim
1857 2544 2078 2590 incertum
2115 2540 2324 2598 hactenus

518 2619 724 2688 evulgata
737 2639 813 2669 me
826 2620 1029 2682 reddunt,
1041 2616 1203 2686 quibus
1216 2615 1447 2668 Animalia
1471 2615 1528 2665 ab
1541 2614 1773 2666 arboribus
1798 2623 1847 2666 δι
1865 2613 2009 2664 herbis
2022 2618 2067 2663 in
2081 2615 2224 2684 gallis,
2242 2635 2323 2668 ve-

517 2695 599 2743 luti
617 2699 762 2757 uteris,
775 2699 896 2763 gigni
912 2696 1128 2743 docemur
1147 2725 1159 2760 3
1194 2695 1301 2742 curn
1319 2692 1434 2741 mihi
1447 2691 1785 2742 observatorum
1798 2691 1942 2754 series,
1965 2708 2106 2759 quam
2125 2690 2324 2743 infrare-

517 2766 719 2830 censebo,
737 2768 1015 2835 conjectandi
1030 2764 1181 2815 ansam
1195 2765 1404 2834 praebeat,
1417 2765 1557 2833 gallas
1571 2772 1618 2816 &
1631 2764 1792 2814 similia
1805 2765 1966 2814 nidum
1976 2764 2059 2814 esse
2070 2770 2199 2834 ejecti
2213 2766 2320 2818 illuc

517 2845 609 2904 ovi,
635 2842 710 2891 vel
732 2842 968 2892 vermiculi
1000 2844 1025 2889 a
1038 2854 1222 2909 parente
1249 2843 1419 2902 animali,
1448 2857 1739 2909 nequaquam
1753 2841 1901 2891 veroa
1910 2844 2056 2907 planta.
2124 2842 2318 2891 Evidens

517 2935 717 2986 namque
731 2917 793 2965 est
806 2935 860 2965 ex
879 2921 1157 2965 Aranearum
1170 2910 1384 2977 folliculo,
1409 2931 1499 2963 ova
1512 2918 1782 2978 continente,
1800 2933 2051 2965 concavum
2062 2913 2185 2963 reddi
2215 2912 2315 2964 sub-

514 2996 684 3058 jectum
698 2990 860 3039 folium
871 2991 1031 3059 quernis
1052 3009 1062 3038 ε
1103 2992 1151 3036 In
1161 2994 1239 3037 vite
1251 2989 1377 3052 vero,
1402 3006 1555 3055 quercu,
1570 2996 1617 3038 &
1631 2988 1861 3052 fimilibus,
1888 3007 1944 3038 ex
1955 2992 2097 3056 ejecto
2110 2988 2316 3038 vitellino

519 3065 777 3113 Muscarum
790 3085 879 3115 ovo
895 3069 956 3114 ita
969 3069 1082 3113 circa
1095 3063 1240 3132 ipsum
1253 3079 1574 3132 contorquetur
1588 3060 1746 3113 folium
1776 3068 1821 3113 in
1839 3064 2018 3133 spiram,
2043 3078 2093 3110 ut
2106 3078 2250 3110 totum
2266 3065 2311 3110 in

518 3138 754 3206 globulum
766 3140 944 3190 desinat.
1014 3144 1062 3187 In
1077 3139 1171 3187 aliis
1185 3139 1423 3188 reflectitur
1447 3138 1813 3191 denticulatifolii
1844 3141 2094 3189 extremitas
2108 3169 2119 3204 3
2153 3144 2203 3186 &
2227 3155 2308 3205 pa-

520 3231 620 3261 rum
633 3214 894 3277 craffescens,
908 3232 1050 3264 ovum
1068 3213 1131 3263 ibi
1157 3213 1370 3262 cubatum
1385 3211 1519 3264 fovet.
1588 3220 1636 3264 In
1658 3215 1827 3264 tenellis
1847 3213 2109 3281 quibusdam
2131 3210 2307 3277 plantis,

520 3290 628 3334 utin
645 3289 769 3351 oroho,
792 3308 845 3337 ex
872 3304 1049 3355 recepto
1075 3305 1166 3338 ovo
1180 3291 1241 3337 ita
1254 3305 1492 3338 curvantur
1506 3286 1629 3352 folia,
1641 3305 1689 3337 ut
1701 3291 1832 3337 unitis
1848 3287 2054 3334 extremis
2068 3324 2082 3346 ,
2108 3283 2305 3334 fistularis

521 3364 685 3409 cavitas
711 3381 792 3430 pro
820 3364 928 3411 nido
954 3363 1163 3413 succedat.
1230 3364 1403 3432 Qrcfts
1430 3368 1596 3433 pariter
1610 3363 1715 3413 folia
1734 3365 1913 3429 receptis
1926 3356 2161 3407 seminibus
2187 3361 2303 3406 inter

521 3436 908 3503 membranasjam
921 3438 1246 3490 adolescentem
1273 3440 1489 3488 aureliam
1504 3438 1679 3500 fovent,
1716 3445 1763 3487 &
1781 3436 2005 3484 nutriunt:
2045 3436 2093 3479 In
2106 3431 2199 3479 aliis
2221 3450 2300 3480 ve-

519 3509 572 3558 ro
588 3525 642 3555 ex
657 3509 859 3558 affluente
871 3515 1011 3579 magis
1034 3520 1081 3562 δε
1102 3518 1243 3582 magis
1255 3510 1396 3576 succ0,
1420 3529 1614 3563 tumores
1625 3529 1708 3579 pro
1731 3508 1839 3558 nido
1855 3513 1902 3555 δε
1916 3504 2010 3554 fotu
2023 3506 2268 3553 excitantur
2285 3525 2295 3553 :

521 3586 700 3634 Etenim
727 3586 772 3633 in
797 3584 1063 3653 quibusdam
1084 3586 1199 3638 foliis
1235 3589 1421 3657 quercus
1445 3582 1735 3639 excrescentia:
1765 3581 1998 3647 quaedam,
2034 3575 2105 3625 seu
2129 3581 2296 3646 eXiguae

2198 3653 2294 3721 pla-
