<?xml version="1.0" encoding="UTF-8"?>
<!DOCTYPE html PUBLIC "-//W3C//DTD XHTML 1.0 Transitional//EN"
    "http://www.w3.org/TR/xhtml1/DTD/xhtml1-transitional.dtd">
<html xmlns="http://www.w3.org/1999/xhtml" xml:lang="en" lang="en">
 <head>
  <title>
</title>
<meta http-equiv="Content-Type" content="text/html;charset=utf-8" />
  <meta name='ocr-system' content='tesseract 3.04.00' />
  <meta name='ocr-capabilities' content='ocr_page ocr_carea ocr_par ocr_line ocrx_word'/>
</head>
<body>
  <div class='ocr_page' id='page_1' title='image "anatomeplantarum00malpuoft_0304.png"; bbox 0 0 2638 3926; ppageno 0'>
   <div class='ocr_carea' id='block_1_1' title="bbox 290 164 2358 192">
    <p class='ocr_par' dir='ltr' id='par_1_1' title="bbox 290 164 2358 192">
     <span class='ocr_line' id='line_1_1' title="bbox 290 164 2358 192; baseline 0 3734"><span class='ocrx_word' id='word_1_1' title='bbox 290 164 2358 192; x_wconf 95' lang='lat' dir='ltr'> </span> 
     </span>
    </p>
   </div>
   <div class='ocr_carea' id='block_1_2' title="bbox 1268 201 1581 263">
    <p class='ocr_par' dir='ltr' id='par_1_2' title="bbox 1268 201 1581 263">
     <span class='ocr_line' id='line_1_2' title="bbox 1268 201 1581 263; baseline -0.006 0"><span class='ocrx_word' id='word_1_2' title='bbox 1268 201 1365 263; x_wconf 78' lang='lat' dir='ltr'>De</span> <span class='ocrx_word' id='word_1_3' title='bbox 1403 203 1581 262; x_wconf 70' lang='lat' dir='ltr'>Gadis.</span> 
     </span>
    </p>
   </div>
   <div class='ocr_carea' id='block_1_3' title="bbox 543 333 2387 3716">
    <p class='ocr_par' dir='ltr' id='par_1_3' title="bbox 543 333 2366 928">
     <span class='ocr_line' id='line_1_3' title="bbox 544 333 2357 420; baseline -0.006 -16"><span class='ocrx_word' id='word_1_4' title='bbox 544 337 803 404; x_wconf 89' lang='lat' dir='ltr'>interdum</span> <span class='ocrx_word' id='word_1_5' title='bbox 826 336 1156 396; x_wconf 75' lang='lat' dir='ltr'><strong>damnantur.</strong></span> <span class='ocrx_word' id='word_1_6' title='bbox 1243 333 1327 393; x_wconf 75' lang='lat' dir='ltr'>lta</span> <span class='ocrx_word' id='word_1_7' title='bbox 1359 338 1411 392; x_wconf 92' lang='lat' dir='ltr'>in</span> <span class='ocrx_word' id='word_1_8' title='bbox 1435 334 1651 392; x_wconf 88' lang='lat' dir='ltr'>floribus</span> <span class='ocrx_word' id='word_1_9' title='bbox 1692 333 1854 396; x_wconf 89' lang='lat' dir='ltr'>Lauri</span> <span class='ocrx_word' id='word_1_10' title='bbox 1884 337 1947 420; x_wconf 74' lang='lat'>(5</span> <span class='ocrx_word' id='word_1_11' title='bbox 1964 336 2043 420; x_wconf 69' lang='grc' dir='ltr'>ς.)</span> <span class='ocrx_word' id='word_1_12' title='bbox 2068 333 2357 418; x_wconf 84' lang='lat' dir='ltr'>frequenter</span> 
     </span>
     <span class='ocr_line' id='line_1_4' title="bbox 546 414 2360 503; baseline -0.003 -20"><span class='ocrx_word' id='word_1_13' title='bbox 546 422 910 484; x_wconf 79' lang='lat' dir='ltr'>observamus:</span> <span class='ocrx_word' id='word_1_14' title='bbox 952 416 1159 478; x_wconf 84' lang='lat' dir='ltr'>revulfis</span> <span class='ocrx_word' id='word_1_15' title='bbox 1199 420 1336 475; x_wconf 88' lang='lat' dir='ltr'>enim</span> <span class='ocrx_word' id='word_1_16' title='bbox 1381 414 1517 480; x_wconf 87' lang='lat' dir='ltr'>foliis</span> <span class='ocrx_word' id='word_1_17' title='bbox 1562 422 1807 477; x_wconf 78' lang='lat' dir='ltr'>concavis</span> <span class='ocrx_word' id='word_1_18' title='bbox 1830 421 1907 495; x_wconf 87' lang='lat' dir='ltr'>A,</span> <span class='ocrx_word' id='word_1_19' title='bbox 1928 418 2204 482; x_wconf 81' lang='lat' dir='ltr'>morbosus</span> <span class='ocrx_word' id='word_1_20' title='bbox 2246 421 2360 503; x_wconf 84' lang='lat' dir='ltr'>qui-</span> 
     </span>
     <span class='ocr_line' id='line_1_5' title="bbox 545 498 2361 590; baseline -0.001 -22"><span class='ocrx_word' id='word_1_21' title='bbox 545 508 667 568; x_wconf 90' lang='lat' dir='ltr'>dam</span> <span class='ocrx_word' id='word_1_22' title='bbox 693 525 889 576; x_wconf 82' lang='lat' dir='ltr'>tumor,</span> <span class='ocrx_word' id='word_1_23' title='bbox 933 500 1014 562; x_wconf 91' lang='lat' dir='ltr'>seu</span> <span class='ocrx_word' id='word_1_24' title='bbox 1043 500 1217 577; x_wconf 89' lang='lat' dir='ltr'>Galla,</span> <span class='ocrx_word' id='word_1_25' title='bbox 1259 502 1502 574; x_wconf 87' lang='lat' dir='ltr'>occurrit,</span> <span class='ocrx_word' id='word_1_26' title='bbox 1545 499 1576 558; x_wconf 74' lang='grc' dir='ltr'>ὲ</span> <span class='ocrx_word' id='word_1_27' title='bbox 1594 498 1740 579; x_wconf 81' lang='lat' dir='ltr'>cujus</span> <span class='ocrx_word' id='word_1_28' title='bbox 1782 508 2030 566; x_wconf 84' lang='lat' dir='ltr'>exteriori</span> <span class='ocrx_word' id='word_1_29' title='bbox 2070 506 2361 590; x_wconf 76' lang='lat' dir='ltr'>peripheria</span> 
     </span>
     <span class='ocr_line' id='line_1_6' title="bbox 546 585 2362 669; baseline 0.004 -21"><span class='ocrx_word' id='word_1_30' title='bbox 546 593 819 652; x_wconf 71' lang='lat' dir='ltr'>staminum</span> <span class='ocrx_word' id='word_1_31' title='bbox 844 585 1131 669; x_wconf 86' lang='lat' dir='ltr'>capitulaB</span> <span class='ocrx_word' id='word_1_32' title='bbox 1151 588 1372 651; x_wconf 82' lang='lat' dir='ltr'>eminent</span> <span class='ocrx_word' id='word_1_33' title='bbox 1401 610 1411 645; x_wconf 77' lang='grc' dir='ltr'>ε</span> <span class='ocrx_word' id='word_1_34' title='bbox 1453 602 1598 648; x_wconf 89' lang='lat' dir='ltr'>totus</span> <span class='ocrx_word' id='word_1_35' title='bbox 1617 585 1748 650; x_wconf 77' lang='lat' dir='ltr'>verb</span> <span class='ocrx_word' id='word_1_36' title='bbox 1764 601 1942 644; x_wconf 87' lang='lat' dir='ltr'>tumor</span> <span class='ocrx_word' id='word_1_37' title='bbox 1965 590 2030 661; x_wconf 93' lang='lat' dir='ltr'>C,</span> <span class='ocrx_word' id='word_1_38' title='bbox 2071 589 2362 655; x_wconf 74' lang='lat' dir='ltr'>filamento-</span> 
     </span>
     <span class='ocr_line' id='line_1_7' title="bbox 547 668 2359 757; baseline 0.004 -25"><span class='ocrx_word' id='word_1_39' title='bbox 547 678 600 735; x_wconf 60' lang='lat' dir='ltr'>sa</span> <span class='ocrx_word' id='word_1_40' title='bbox 623 671 851 756; x_wconf 67' lang='lat' dir='ltr'>quadam</span> <span class='ocrx_word' id='word_1_41' title='bbox 872 669 1128 753; x_wconf 75' lang='lat' dir='ltr'>lanugine,</span> <span class='ocrx_word' id='word_1_42' title='bbox 1169 675 1221 730; x_wconf 94' lang='lat' dir='ltr'>in</span> <span class='ocrx_word' id='word_1_43' title='bbox 1245 670 1463 729; x_wconf 90' lang='lat' dir='ltr'>solidum</span> <span class='ocrx_word' id='word_1_44' title='bbox 1490 693 1684 754; x_wconf 89' lang='lat' dir='ltr'>corpus</span> <span class='ocrx_word' id='word_1_45' title='bbox 1712 668 1988 744; x_wconf 57' lang='lat' dir='ltr'>contexta,</span> <span class='ocrx_word' id='word_1_46' title='bbox 2029 680 2359 757; x_wconf 83' lang='lat' dir='ltr'>compagina-</span> 
     </span>
     <span class='ocr_line' id='line_1_8' title="bbox 543 753 2366 839; baseline -0.001 -18"><span class='ocrx_word' id='word_1_47' title='bbox 543 780 630 821; x_wconf 90' lang='lat' dir='ltr'>tur</span> <span class='ocrx_word' id='word_1_48' title='bbox 657 784 671 831; x_wconf 83' lang='grc'><strong><em>5</em></strong></span> <span class='ocrx_word' id='word_1_49' title='bbox 713 781 824 839; x_wconf 88' lang='lat' dir='ltr'>quo</span> <span class='ocrx_word' id='word_1_50' title='bbox 850 754 982 816; x_wconf 61' lang='lat' dir='ltr'>secto</span> <span class='ocrx_word' id='word_1_51' title='bbox 1004 758 1258 817; x_wconf 89' lang='lat' dir='ltr'>innumeri</span> <span class='ocrx_word' id='word_1_52' title='bbox 1296 754 1585 830; x_wconf 88' lang='lat' dir='ltr'>vermiculi,</span> <span class='ocrx_word' id='word_1_53' title='bbox 1627 758 1725 818; x_wconf 82' lang='lat' dir='ltr'>vix</span> <span class='ocrx_word' id='word_1_54' title='bbox 1748 753 2095 837; x_wconf 70' lang='lat' dir='ltr'>microlcopio</span> <span class='ocrx_word' id='word_1_55' title='bbox 2127 756 2366 837; x_wconf 74' lang='lat' dir='ltr'>visibiles,</span> 
     </span>
     <span class='ocr_line' id='line_1_9' title="bbox 544 859 746 928; baseline -0.02 -24"><span class='ocrx_word' id='word_1_56' title='bbox 544 859 746 928; x_wconf 89' lang='lat' dir='ltr'>patent.</span> 
     </span>
    </p>

    <p class='ocr_par' dir='ltr' id='par_1_4' title="bbox 546 921 2384 2366">
     <span class='ocr_line' id='line_1_10' title="bbox 629 921 2370 1011; baseline 0.001 -24"><span class='ocrx_word' id='word_1_57' title='bbox 629 926 929 987; x_wconf 88' lang='lat' dir='ltr'>Amentum</span> <span class='ocrx_word' id='word_1_58' title='bbox 969 930 1022 985; x_wconf 75' lang='grc' dir='ltr'>ὃ(</span> <span class='ocrx_word' id='word_1_59' title='bbox 1068 922 1232 1010; x_wconf 76' lang='lat' dir='ltr'>ipsum</span> <span class='ocrx_word' id='word_1_60' title='bbox 1259 926 1309 986; x_wconf 91' lang='lat' dir='ltr'>in</span> <span class='ocrx_word' id='word_1_61' title='bbox 1342 921 1616 983; x_wconf 78' lang='lat' dir='ltr'>arboribus</span> <span class='ocrx_word' id='word_1_62' title='bbox 1692 922 1978 1001; x_wconf 89' lang='lat' dir='ltr'>uibusdam,</span> <span class='ocrx_word' id='word_1_63' title='bbox 2017 923 2370 1011; x_wconf 85' lang='lat' dir='ltr'>multiplicatis</span> 
     </span>
     <span class='ocr_line' id='line_1_11' title="bbox 546 947 2371 1096; baseline 0.003 -24"><span class='ocrx_word' id='word_1_64' title='bbox 546 1009 769 1072; x_wconf 88' lang='lat' dir='ltr'>flosculis</span> <span class='ocrx_word' id='word_1_65' title='bbox 792 1028 1132 1083; x_wconf 84' lang='lat' dir='ltr'>contextum,</span> <span class='ocrx_word' id='word_1_66' title='bbox 1170 1006 1458 1068; x_wconf 86' lang='lat' dir='ltr'>muscarum</span> <span class='ocrx_word' id='word_1_67' title='bbox 1503 1010 1620 1067; x_wconf 88' lang='lat' dir='ltr'>ovis</span> <span class='ocrx_word' id='word_1_68' title='bbox 1654 947 2014 1092; x_wconf 66' lang='lat' dir='ltr'>deturpatum,</span> <span class='ocrx_word' id='word_1_69' title='bbox 2046 1013 2100 1073; x_wconf 90' lang='lat' dir='ltr'>in</span> <span class='ocrx_word' id='word_1_70' title='bbox 2145 1011 2371 1096; x_wconf 78' lang='lat' dir='ltr'>peculia-</span> 
     </span>
     <span class='ocr_line' id='line_1_12' title="bbox 549 1088 2372 1181; baseline 0.001 -24"><span class='ocrx_word' id='word_1_71' title='bbox 549 1121 658 1157; x_wconf 88' lang='lat' dir='ltr'>rem</span> <span class='ocrx_word' id='word_1_72' title='bbox 688 1092 932 1159; x_wconf 81' lang='lat' dir='ltr'>excrescit</span> <span class='ocrx_word' id='word_1_73' title='bbox 975 1092 1185 1155; x_wconf 79' lang='lat' dir='ltr'>molem.</span> <span class='ocrx_word' id='word_1_74' title='bbox 1270 1088 1403 1155; x_wconf 89' lang='lat' dir='ltr'>Hoc</span> <span class='ocrx_word' id='word_1_75' title='bbox 1441 1115 1552 1153; x_wconf 91' lang='lat' dir='ltr'>non</span> <span class='ocrx_word' id='word_1_76' title='bbox 1574 1094 1695 1152; x_wconf 60' lang='grc' dir='ltr'>τετὸ</span> <span class='ocrx_word' id='word_1_77' title='bbox 1718 1094 1771 1153; x_wconf 91' lang='lat' dir='ltr'>in</span> <span class='ocrx_word' id='word_1_78' title='bbox 1811 1092 2030 1166; x_wconf 83' lang='lat' dir='ltr'>Qercu</span> <span class='ocrx_word' id='word_1_79' title='bbox 2052 1098 2215 1181; x_wconf 82' lang='lat'><em>(56.)</em></span> <span class='ocrx_word' id='word_1_80' title='bbox 2239 1096 2372 1161; x_wconf 88' lang='lat' dir='ltr'>vidi-</span> 
     </span>
     <span class='ocr_line' id='line_1_13' title="bbox 548 1176 2374 1262; baseline 0.003 -21"><span class='ocrx_word' id='word_1_81' title='bbox 548 1204 679 1242; x_wconf 76' lang='lat' dir='ltr'>mus,</span> <span class='ocrx_word' id='word_1_82' title='bbox 767 1179 830 1240; x_wconf 90' lang='lat' dir='ltr'><strong>A</strong></span> <span class='ocrx_word' id='word_1_83' title='bbox 848 1177 948 1239; x_wconf 87' lang='lat' dir='ltr'>s1tu</span> <span class='ocrx_word' id='word_1_84' title='bbox 971 1177 1222 1242; x_wconf 89' lang='lat' dir='ltr'>foliorum</span> <span class='ocrx_word' id='word_1_85' title='bbox 1246 1200 1465 1261; x_wconf 81' lang='lat' dir='ltr'>gemmae</span> <span class='ocrx_word' id='word_1_86' title='bbox 1487 1178 1564 1253; x_wconf 89' lang='lat' dir='ltr'>A,</span> <span class='ocrx_word' id='word_1_87' title='bbox 1580 1176 1769 1262; x_wconf 90' lang='lat' dir='ltr'>quibus</span> <span class='ocrx_word' id='word_1_88' title='bbox 1789 1177 1916 1240; x_wconf 87' lang='lat' dir='ltr'>olim</span> <span class='ocrx_word' id='word_1_89' title='bbox 1940 1180 2182 1243; x_wconf 88' lang='lat' dir='ltr'>tenellum</span> <span class='ocrx_word' id='word_1_90' title='bbox 2197 1205 2374 1247; x_wconf 84' lang='lat' dir='ltr'>amen-</span> 
     </span>
     <span class='ocr_line' id='line_1_14' title="bbox 552 1261 2374 1351; baseline 0.002 -24"><span class='ocrx_word' id='word_1_91' title='bbox 552 1285 668 1327; x_wconf 89' lang='lat' dir='ltr'>tum</span> <span class='ocrx_word' id='word_1_92' title='bbox 689 1264 1033 1341; x_wconf 78' lang='lat' dir='ltr'>condebatur,</span> <span class='ocrx_word' id='word_1_93' title='bbox 1080 1263 1268 1347; x_wconf 90' lang='lat' dir='ltr'>pecioli</span> <span class='ocrx_word' id='word_1_94' title='bbox 1290 1262 1508 1346; x_wconf 89' lang='lat' dir='ltr'>quidam</span> <span class='ocrx_word' id='word_1_95' title='bbox 1530 1261 1583 1320; x_wconf 89' lang='lat' dir='ltr'><em>B</em></span> <span class='ocrx_word' id='word_1_96' title='bbox 1606 1263 1964 1330; x_wconf 86' lang='lat' dir='ltr'>extenduntur</span> <span class='ocrx_word' id='word_1_97' title='bbox 1989 1291 2004 1340; x_wconf 83' lang='lat'>3</span> <span class='ocrx_word' id='word_1_98' title='bbox 2052 1289 2284 1351; x_wconf 88' lang='lat' dir='ltr'>quorum</span> <span class='ocrx_word' id='word_1_99' title='bbox 2323 1289 2374 1329; x_wconf 88' lang='lat' dir='ltr'>a·</span> 
     </span>
     <span class='ocr_line' id='line_1_15' title="bbox 550 1347 2374 1436; baseline 0.002 -25"><span class='ocrx_word' id='word_1_100' title='bbox 550 1374 659 1435; x_wconf 82' lang='lat' dir='ltr'>pex</span> <span class='ocrx_word' id='word_1_101' title='bbox 682 1353 989 1410; x_wconf 87' lang='lat' dir='ltr'>amentaceis</span> <span class='ocrx_word' id='word_1_102' title='bbox 1013 1347 1234 1411; x_wconf 90' lang='lat' dir='ltr'>flosculis</span> <span class='ocrx_word' id='word_1_103' title='bbox 1263 1351 1307 1409; x_wconf 93' lang='lat' dir='ltr'><em>C</em></span> <span class='ocrx_word' id='word_1_104' title='bbox 1331 1367 1564 1409; x_wconf 88' lang='lat' dir='ltr'>ornatur.</span> <span class='ocrx_word' id='word_1_105' title='bbox 1651 1347 1814 1409; x_wconf 88' lang='lat' dir='ltr'>Circa</span> <span class='ocrx_word' id='word_1_106' title='bbox 1841 1348 2136 1429; x_wconf 82' lang='lat' dir='ltr'>hujusmodi</span> <span class='ocrx_word' id='word_1_107' title='bbox 2163 1352 2374 1436; x_wconf 83' lang='lat' dir='ltr'>pedicu-</span> 
     </span>
     <span class='ocr_line' id='line_1_16' title="bbox 550 1431 2377 1518; baseline 0.001 -21"><span class='ocrx_word' id='word_1_108' title='bbox 550 1436 629 1497; x_wconf 90' lang='lat' dir='ltr'>los</span> <span class='ocrx_word' id='word_1_109' title='bbox 655 1435 831 1518; x_wconf 79' lang='lat' dir='ltr'>ligneae</span> <span class='ocrx_word' id='word_1_110' title='bbox 855 1431 1207 1494; x_wconf 84' lang='lat' dir='ltr'>excrescentiae</span> <span class='ocrx_word' id='word_1_111' title='bbox 1230 1433 1311 1508; x_wconf 91' lang='lat' dir='ltr'>D,</span> <span class='ocrx_word' id='word_1_112' title='bbox 1354 1435 1408 1492; x_wconf 92' lang='lat' dir='ltr'>in</span> <span class='ocrx_word' id='word_1_113' title='bbox 1447 1456 1685 1494; x_wconf 87' lang='lat' dir='ltr'>ovorum</span> <span class='ocrx_word' id='word_1_114' title='bbox 1725 1433 1954 1493; x_wconf 88' lang='lat' dir='ltr'>formam</span> <span class='ocrx_word' id='word_1_115' title='bbox 1996 1436 2377 1514; x_wconf 81' lang='lat' dir='ltr'>extuberanteS,</span> 
     </span>
     <span class='ocr_line' id='line_1_17' title="bbox 552 1516 2376 1603; baseline -0.001 -21"><span class='ocrx_word' id='word_1_116' title='bbox 552 1533 840 1603; x_wconf 81' lang='lat' dir='ltr'>emergunt,</span> <span class='ocrx_word' id='word_1_117' title='bbox 883 1539 995 1602; x_wconf 79' lang='lat' dir='ltr'>quae</span> <span class='ocrx_word' id='word_1_118' title='bbox 1018 1522 1073 1579; x_wconf 92' lang='lat' dir='ltr'>in</span> <span class='ocrx_word' id='word_1_119' title='bbox 1097 1517 1395 1580; x_wconf 83' lang='lat' dir='ltr'>summitate</span> <span class='ocrx_word' id='word_1_120' title='bbox 1420 1518 1451 1580; x_wconf 73' lang='grc' dir='ltr'>ὲ</span> <span class='ocrx_word' id='word_1_121' title='bbox 1474 1534 1731 1580; x_wconf 87' lang='lat' dir='ltr'>contento</span> <span class='ocrx_word' id='word_1_122' title='bbox 1755 1516 1966 1579; x_wconf 88' lang='lat' dir='ltr'>animali</span> <span class='ocrx_word' id='word_1_123' title='bbox 1983 1517 2285 1586; x_wconf 82' lang='lat' dir='ltr'>lacerantur.</span> <span class='ocrx_word' id='word_1_124' title='bbox 2313 1521 2376 1584; x_wconf 90' lang='lat' dir='ltr'><strong>A</strong></span> 
     </span>
     <span class='ocr_line' id='line_1_18' title="bbox 550 1601 2379 1689; baseline 0.003 -23"><span class='ocrx_word' id='word_1_125' title='bbox 550 1605 794 1666; x_wconf 89' lang='lat' dir='ltr'>lateribus</span> <span class='ocrx_word' id='word_1_126' title='bbox 818 1603 1117 1684; x_wconf 84' lang='lat' dir='ltr'>hujusmodi</span> <span class='ocrx_word' id='word_1_127' title='bbox 1143 1602 1376 1666; x_wconf 87' lang='lat' dir='ltr'>ovalium</span> <span class='ocrx_word' id='word_1_128' title='bbox 1416 1603 1711 1678; x_wconf 89' lang='lat' dir='ltr'>Gallarum,</span> <span class='ocrx_word' id='word_1_129' title='bbox 1752 1601 1955 1687; x_wconf 84' lang='lat' dir='ltr'>gracilia</span> <span class='ocrx_word' id='word_1_130' title='bbox 1989 1625 2274 1689; x_wconf 88' lang='lat' dir='ltr'>erumpunt</span> <span class='ocrx_word' id='word_1_131' title='bbox 2303 1610 2379 1671; x_wconf 89' lang='lat' dir='ltr'>in-</span> 
     </span>
     <span class='ocr_line' id='line_1_19' title="bbox 554 1687 2378 1774; baseline 0.002 -22"><span class='ocrx_word' id='word_1_132' title='bbox 554 1713 766 1754; x_wconf 88' lang='lat' dir='ltr'>numera</span> <span class='ocrx_word' id='word_1_133' title='bbox 800 1688 905 1750; x_wconf 73' lang='lat' dir='ltr'>fere</span> <span class='ocrx_word' id='word_1_134' title='bbox 929 1689 1285 1773; x_wconf 86' lang='lat' dir='ltr'>capillamenta</span> <span class='ocrx_word' id='word_1_135' title='bbox 1314 1689 1385 1766; x_wconf 89' lang='lat' dir='ltr'>E,</span> <span class='ocrx_word' id='word_1_136' title='bbox 1427 1711 1545 1774; x_wconf 87' lang='lat' dir='ltr'>quae</span> <span class='ocrx_word' id='word_1_137' title='bbox 1566 1694 1618 1752; x_wconf 91' lang='lat' dir='ltr'>in</span> <span class='ocrx_word' id='word_1_138' title='bbox 1661 1688 1881 1773; x_wconf 85' lang='lat' dir='ltr'>longum</span> <span class='ocrx_word' id='word_1_139' title='bbox 1918 1687 2140 1766; x_wconf 64' lang='lat' dir='ltr'>extensi,</span> <span class='ocrx_word' id='word_1_140' title='bbox 2179 1690 2378 1770; x_wconf 81' lang='lat' dir='ltr'>mollia,</span> 
     </span>
     <span class='ocr_line' id='line_1_20' title="bbox 554 1771 2378 1861; baseline 0.002 -23"><span class='ocrx_word' id='word_1_141' title='bbox 554 1783 608 1838; x_wconf 86' lang='lat'>&amp;</span> <span class='ocrx_word' id='word_1_142' title='bbox 631 1774 795 1857; x_wconf 87' lang='lat' dir='ltr'>crispa</span> <span class='ocrx_word' id='word_1_143' title='bbox 819 1774 1055 1849; x_wconf 69' lang='lat' dir='ltr'>reddita,</span> <span class='ocrx_word' id='word_1_144' title='bbox 1097 1773 1457 1859; x_wconf 84' lang='lat' dir='ltr'>lanuginosum</span> <span class='ocrx_word' id='word_1_145' title='bbox 1502 1774 1776 1858; x_wconf 88' lang='lat' dir='ltr'>globulum</span> <span class='ocrx_word' id='word_1_146' title='bbox 1811 1771 2057 1850; x_wconf 84' lang='lat' dir='ltr'>efficiunt,</span> <span class='ocrx_word' id='word_1_147' title='bbox 2098 1798 2209 1861; x_wconf 88' lang='lat' dir='ltr'>quo</span> <span class='ocrx_word' id='word_1_148' title='bbox 2251 1798 2378 1840; x_wconf 89' lang='lat' dir='ltr'>con-</span> 
     </span>
     <span class='ocr_line' id='line_1_21' title="bbox 557 1858 2381 1945; baseline 0.002 -23"><span class='ocrx_word' id='word_1_149' title='bbox 557 1861 684 1922; x_wconf 86' lang='lat' dir='ltr'>ditae</span> <span class='ocrx_word' id='word_1_150' title='bbox 701 1859 872 1921; x_wconf 81' lang='lat' dir='ltr'>Gallae</span> <span class='ocrx_word' id='word_1_151' title='bbox 896 1860 1274 1921; x_wconf 86' lang='lat' dir='ltr'>custodiuntur.</span> <span class='ocrx_word' id='word_1_152' title='bbox 1317 1859 1559 1925; x_wconf 85' lang='lat' dir='ltr'>Exarata</span> <span class='ocrx_word' id='word_1_153' title='bbox 1572 1858 1934 1945; x_wconf 84' lang='lat' dir='ltr'>capillamenta</span> <span class='ocrx_word' id='word_1_154' title='bbox 1961 1859 2203 1926; x_wconf 71' lang='lat' dir='ltr'>tubulosz&#39;i</span> <span class='ocrx_word' id='word_1_155' title='bbox 2219 1884 2381 1925; x_wconf 86' lang='lat' dir='ltr'>mem-</span> 
     </span>
     <span class='ocr_line' id='line_1_22' title="bbox 555 1944 2381 2030; baseline -0.001 -23"><span class='ocrx_word' id='word_1_156' title='bbox 555 1945 740 2020; x_wconf 67' lang='lat' dir='ltr'>brana,</span> <span class='ocrx_word' id='word_1_157' title='bbox 782 1945 1003 2006; x_wconf 89' lang='lat' dir='ltr'>humore</span> <span class='ocrx_word' id='word_1_158' title='bbox 1052 1945 1238 2022; x_wconf 63' lang='lat' dir='ltr'>vacua,</span> <span class='ocrx_word' id='word_1_159' title='bbox 1280 1946 1560 2023; x_wconf 79' lang='lat' dir='ltr'>constant3</span> <span class='ocrx_word' id='word_1_160' title='bbox 1607 1944 1746 2008; x_wconf 87' lang='lat' dir='ltr'>unde</span> <span class='ocrx_word' id='word_1_161' title='bbox 1787 1944 1895 2006; x_wconf 74' lang='lat' dir='ltr'>fere</span> <span class='ocrx_word' id='word_1_162' title='bbox 1940 1945 2200 2030; x_wconf 86' lang='lat' dir='ltr'>diaphana</span> <span class='ocrx_word' id='word_1_163' title='bbox 2232 1945 2381 2009; x_wconf 90' lang='lat' dir='ltr'>sunt:</span> 
     </span>
     <span class='ocr_line' id='line_1_23' title="bbox 558 2027 2381 2113; baseline 0.001 -22"><span class='ocrx_word' id='word_1_164' title='bbox 558 2027 804 2113; x_wconf 87' lang='lat' dir='ltr'>copiosus</span> <span class='ocrx_word' id='word_1_165' title='bbox 829 2052 1069 2112; x_wconf 88' lang='lat' dir='ltr'>namque,</span> <span class='ocrx_word' id='word_1_166' title='bbox 1111 2038 1164 2091; x_wconf 87' lang='lat'>&amp;</span> <span class='ocrx_word' id='word_1_167' title='bbox 1189 2030 1473 2092; x_wconf 89' lang='lat' dir='ltr'>halituosus</span> <span class='ocrx_word' id='word_1_168' title='bbox 1497 2033 1707 2105; x_wconf 88' lang='lat' dir='ltr'>humor,</span> <span class='ocrx_word' id='word_1_169' title='bbox 1750 2032 1841 2111; x_wconf 90' lang='lat' dir='ltr'>qui</span> <span class='ocrx_word' id='word_1_170' title='bbox 1864 2033 1918 2089; x_wconf 92' lang='lat' dir='ltr'>in</span> <span class='ocrx_word' id='word_1_171' title='bbox 1939 2031 2099 2095; x_wconf 84' lang='lat' dir='ltr'>flores</span> <span class='ocrx_word' id='word_1_172' title='bbox 2125 2032 2349 2095; x_wconf 88' lang='lat' dir='ltr'>confluit</span> <span class='ocrx_word' id='word_1_173' title='bbox 2363 2055 2381 2105; x_wconf 89' lang='lat'>;</span> 
     </span>
     <span class='ocr_line' id='line_1_24' title="bbox 558 2112 2384 2200; baseline 0.002 -26"><span class='ocrx_word' id='word_1_174' title='bbox 558 2119 612 2175; x_wconf 88' lang='lat' dir='ltr'>in</span> <span class='ocrx_word' id='word_1_175' title='bbox 636 2113 771 2197; x_wconf 88' lang='lat' dir='ltr'>pilos</span> <span class='ocrx_word' id='word_1_176' title='bbox 810 2112 1116 2190; x_wconf 87' lang='lat' dir='ltr'>absumitur,</span> <span class='ocrx_word' id='word_1_177' title='bbox 1157 2120 1210 2175; x_wconf 79' lang='grc' dir='ltr'>ὅ(</span> <span class='ocrx_word' id='word_1_178' title='bbox 1234 2138 1327 2198; x_wconf 90' lang='lat' dir='ltr'>per</span> <span class='ocrx_word' id='word_1_179' title='bbox 1358 2115 1574 2200; x_wconf 85' lang='lat' dir='ltr'>papillas</span> <span class='ocrx_word' id='word_1_180' title='bbox 1607 2141 1634 2179; x_wconf 91' lang='lat' dir='ltr'>e</span> <span class='ocrx_word' id='word_1_181' title='bbox 1712 2117 1808 2175; x_wconf 91' lang='lat' dir='ltr'>irat</span> <span class='ocrx_word' id='word_1_182' title='bbox 1834 2139 1846 2173; x_wconf 92' lang='lat'>:</span> <span class='ocrx_word' id='word_1_183' title='bbox 1888 2117 2088 2180; x_wconf 65' lang='lat' dir='ltr'>mutata</span> <span class='ocrx_word' id='word_1_184' title='bbox 2121 2141 2190 2179; x_wconf 88' lang='lat' dir='ltr'>ex</span> <span class='ocrx_word' id='word_1_185' title='bbox 2210 2116 2384 2180; x_wconf 70' lang='lat' dir='ltr'>affilfis</span> 
     </span>
     <span class='ocr_line' id='line_1_25' title="bbox 560 2138 2384 2285; baseline 0.001 -25"><span class='ocrx_word' id='word_1_186' title='bbox 560 2203 678 2260; x_wconf 88' lang='lat' dir='ltr'>ovis</span> <span class='ocrx_word' id='word_1_187' title='bbox 715 2198 996 2258; x_wconf 72' lang='lat' dir='ltr'>direffione</span> <span class='ocrx_word' id='word_1_188' title='bbox 1019 2226 1033 2271; x_wconf 91' lang='grc'><strong><em>5</em></strong></span> <span class='ocrx_word' id='word_1_189' title='bbox 1074 2204 1126 2260; x_wconf 93' lang='lat' dir='ltr'>in</span> <span class='ocrx_word' id='word_1_190' title='bbox 1150 2199 1412 2282; x_wconf 85' lang='lat' dir='ltr'>oblongos</span> <span class='ocrx_word' id='word_1_191' title='bbox 1441 2200 1584 2285; x_wconf 83' lang='lat' dir='ltr'>quafi</span> <span class='ocrx_word' id='word_1_192' title='bbox 1610 2138 1748 2285; x_wconf 37' lang='lat' dir='ltr'>pistis</span> <span class='ocrx_word' id='word_1_193' title='bbox 1768 2216 1940 2276; x_wconf 86' lang='lat' dir='ltr'>netur,</span> <span class='ocrx_word' id='word_1_194' title='bbox 1982 2201 2013 2260; x_wconf 74' lang='grc' dir='ltr'>ὲ</span> <span class='ocrx_word' id='word_1_195' title='bbox 2036 2201 2221 2284; x_wconf 88' lang='lat' dir='ltr'>quibus</span> <span class='ocrx_word' id='word_1_196' title='bbox 2257 2223 2384 2263; x_wconf 83' lang='lat' dir='ltr'>exa-</span> 
     </span>
     <span class='ocr_line' id='line_1_26' title="bbox 562 2281 1057 2366; baseline -0.002 -21"><span class='ocrx_word' id='word_1_197' title='bbox 562 2304 674 2345; x_wconf 89' lang='lat' dir='ltr'>rata</span> <span class='ocrx_word' id='word_1_198' title='bbox 698 2281 1057 2366; x_wconf 80' lang='lat' dir='ltr'>conglobatio.</span> 
     </span>
    </p>

    <p class='ocr_par' dir='ltr' id='par_1_5' title="bbox 566 2365 2387 3463">
     <span class='ocr_line' id='line_1_27' title="bbox 649 2365 2382 2448; baseline 0.001 -21"><span class='ocrx_word' id='word_1_199' title='bbox 649 2367 892 2442; x_wconf 63' lang='lat' dir='ltr'>Frudius,</span> <span class='ocrx_word' id='word_1_200' title='bbox 935 2368 1013 2427; x_wconf 92' lang='lat' dir='ltr'>seu</span> <span class='ocrx_word' id='word_1_201' title='bbox 1035 2367 1270 2426; x_wconf 88' lang='lat' dir='ltr'>foecundi</span> <span class='ocrx_word' id='word_1_202' title='bbox 1285 2371 1434 2438; x_wconf 89' lang='lat' dir='ltr'>uteri,</span> <span class='ocrx_word' id='word_1_203' title='bbox 1477 2368 1508 2423; x_wconf 73' lang='lat' dir='ltr'>a</span> <span class='ocrx_word' id='word_1_204' title='bbox 1531 2367 1719 2447; x_wconf 90' lang='lat' dir='ltr'>plantis</span> <span class='ocrx_word' id='word_1_205' title='bbox 1742 2365 1922 2448; x_wconf 87' lang='lat' dir='ltr'>paffim</span> <span class='ocrx_word' id='word_1_206' title='bbox 1936 2368 2238 2448; x_wconf 78' lang='lat' dir='ltr'>pendenteS,</span> <span class='ocrx_word' id='word_1_207' title='bbox 2267 2390 2382 2429; x_wconf 91' lang='lat' dir='ltr'>ver-</span> 
     </span>
     <span class='ocr_line' id='line_1_28' title="bbox 566 2448 2387 2533; baseline 0.002 -24"><span class='ocrx_word' id='word_1_208' title='bbox 566 2458 727 2510; x_wconf 87' lang='lat' dir='ltr'>mium</span> <span class='ocrx_word' id='word_1_209' title='bbox 756 2450 1071 2533; x_wconf 85' lang='lat' dir='ltr'>quoque,seu</span> <span class='ocrx_word' id='word_1_210' title='bbox 1089 2449 1374 2510; x_wconf 87' lang='lat' dir='ltr'>muscarum</span> <span class='ocrx_word' id='word_1_211' title='bbox 1403 2448 1695 2510; x_wconf 91' lang='lat' dir='ltr'>commodo</span> <span class='ocrx_word' id='word_1_212' title='bbox 1718 2448 1953 2509; x_wconf 79' lang='lat' dir='ltr'>inservire</span> <span class='ocrx_word' id='word_1_213' title='bbox 1975 2449 2245 2512; x_wconf 87' lang='lat' dir='ltr'>videntur:</span> <span class='ocrx_word' id='word_1_214' title='bbox 2285 2475 2387 2513; x_wconf 86' lang='lat' dir='ltr'>un·-</span> 
     </span>
     <span class='ocr_line' id='line_1_29' title="bbox 569 2529 2380 2619; baseline 0.003 -25"><span class='ocrx_word' id='word_1_215' title='bbox 569 2535 632 2594; x_wconf 89' lang='lat' dir='ltr'>de</span> <span class='ocrx_word' id='word_1_216' title='bbox 656 2534 1050 2614; x_wconf 77' lang='lat' dir='ltr'>frequentiffime</span> <span class='ocrx_word' id='word_1_217' title='bbox 1086 2537 1443 2616; x_wconf 87' lang='lat' dir='ltr'>pericarpium,</span> <span class='ocrx_word' id='word_1_218' title='bbox 1484 2531 1777 2617; x_wconf 70' lang='lat' dir='ltr'>reliquaque</span> <span class='ocrx_word' id='word_1_219' title='bbox 1798 2529 2042 2594; x_wconf 85' lang='lat' dir='ltr'>seminum</span> <span class='ocrx_word' id='word_1_220' title='bbox 2064 2539 2380 2619; x_wconf 84' lang='lat' dir='ltr'>integumen-</span> 
     </span>
     <span class='ocr_line' id='line_1_30' title="bbox 572 2616 2383 2701; baseline 0.003 -24"><span class='ocrx_word' id='word_1_221' title='bbox 572 2638 644 2692; x_wconf 86' lang='lat' dir='ltr'>ta,</span> <span class='ocrx_word' id='word_1_222' title='bbox 685 2625 736 2677; x_wconf 71' lang='grc'>8(</span> <span class='ocrx_word' id='word_1_223' title='bbox 773 2616 891 2698; x_wconf 78' lang='lat' dir='ltr'>ipsae</span> <span class='ocrx_word' id='word_1_224' title='bbox 931 2622 1083 2677; x_wconf 86' lang='lat' dir='ltr'>etiam</span> <span class='ocrx_word' id='word_1_225' title='bbox 1133 2617 1371 2678; x_wconf 89' lang='lat' dir='ltr'>seminalis</span> <span class='ocrx_word' id='word_1_226' title='bbox 1398 2616 1644 2700; x_wconf 83' lang='lat' dir='ltr'>plantulae</span> <span class='ocrx_word' id='word_1_227' title='bbox 1675 2634 1849 2701; x_wconf 90' lang='lat' dir='ltr'>partes</span> <span class='ocrx_word' id='word_1_228' title='bbox 1877 2624 1929 2680; x_wconf 88' lang='lat'>&amp;</span> <span class='ocrx_word' id='word_1_229' title='bbox 1949 2616 2136 2682; x_wconf 85' lang='lat' dir='ltr'>fovent</span> <span class='ocrx_word' id='word_1_230' title='bbox 2159 2671 2177 2695; x_wconf 84' lang='lat'>,</span> <span class='ocrx_word' id='word_1_231' title='bbox 2217 2621 2383 2684; x_wconf 87' lang='lat' dir='ltr'>&amp;suo</span> 
     </span>
     <span class='ocr_line' id='line_1_31' title="bbox 570 2698 2378 2785; baseline 0.004 -23"><span class='ocrx_word' id='word_1_232' title='bbox 570 2700 844 2785; x_wconf 87' lang='lat' dir='ltr'>dispendio</span> <span class='ocrx_word' id='word_1_233' title='bbox 889 2701 1120 2763; x_wconf 88' lang='lat' dir='ltr'>animalia</span> <span class='ocrx_word' id='word_1_234' title='bbox 1148 2706 1402 2762; x_wconf 91' lang='lat' dir='ltr'>nutriunt.</span> <span class='ocrx_word' id='word_1_235' title='bbox 1486 2698 1627 2762; x_wconf 89' lang='lat' dir='ltr'>Non</span> <span class='ocrx_word' id='word_1_236' title='bbox 1645 2703 1764 2763; x_wconf 75' lang='lat' dir='ltr'>raro</span> <span class='ocrx_word' id='word_1_237' title='bbox 1800 2706 1955 2765; x_wconf 89' lang='lat' dir='ltr'>etiam</span> <span class='ocrx_word' id='word_1_238' title='bbox 1989 2723 2221 2767; x_wconf 88' lang='lat' dir='ltr'>tumores</span> <span class='ocrx_word' id='word_1_239' title='bbox 2260 2729 2378 2769; x_wconf 90' lang='lat' dir='ltr'>ena-</span> 
     </span>
     <span class='ocr_line' id='line_1_32' title="bbox 572 2785 2385 2869; baseline 0.004 -23"><span class='ocrx_word' id='word_1_240' title='bbox 572 2786 779 2846; x_wconf 86' lang='lat' dir='ltr'>scuntur</span> <span class='ocrx_word' id='word_1_241' title='bbox 803 2785 969 2845; x_wconf 85' lang='lat' dir='ltr'>Gallis</span> <span class='ocrx_word' id='word_1_242' title='bbox 991 2787 1213 2869; x_wconf 80' lang='lat' dir='ltr'>analogi,</span> <span class='ocrx_word' id='word_1_243' title='bbox 1255 2785 1440 2867; x_wconf 89' lang='lat' dir='ltr'>quibus</span> <span class='ocrx_word' id='word_1_244' title='bbox 1464 2807 1662 2846; x_wconf 89' lang='lat' dir='ltr'>vermes</span> <span class='ocrx_word' id='word_1_245' title='bbox 1677 2785 1989 2851; x_wconf 85' lang='lat' dir='ltr'>conduntur.</span> <span class='ocrx_word' id='word_1_246' title='bbox 2077 2788 2142 2852; x_wconf 89' lang='lat' dir='ltr'>In</span> <span class='ocrx_word' id='word_1_247' title='bbox 2165 2788 2385 2863; x_wconf 83' lang='lat' dir='ltr'>Qercu</span> 
     </span>
     <span class='ocr_line' id='line_1_33' title="bbox 575 2869 2385 2957; baseline 0.007 -31"><span class='ocrx_word' id='word_1_248' title='bbox 575 2870 737 2954; x_wconf 78' lang='lat'>(57.)</span> <span class='ocrx_word' id='word_1_249' title='bbox 776 2870 1035 2929; x_wconf 88' lang='lat' dir='ltr'>interdum</span> <span class='ocrx_word' id='word_1_250' title='bbox 1084 2869 1274 2952; x_wconf 88' lang='lat' dir='ltr'>pendet</span> <span class='ocrx_word' id='word_1_251' title='bbox 1305 2870 1336 2929; x_wconf 70' lang='lat' dir='ltr'>a</span> <span class='ocrx_word' id='word_1_252' title='bbox 1363 2869 1531 2930; x_wconf 63' lang='lat' dir='ltr'>fruciu</span> <span class='ocrx_word' id='word_1_253' title='bbox 1567 2872 1643 2946; x_wconf 90' lang='lat' dir='ltr'>A,</span> <span class='ocrx_word' id='word_1_254' title='bbox 1684 2876 1774 2955; x_wconf 91' lang='lat' dir='ltr'>qui</span> <span class='ocrx_word' id='word_1_255' title='bbox 1818 2872 1989 2935; x_wconf 65' lang='lat' dir='ltr'>debita</span> <span class='ocrx_word' id='word_1_256' title='bbox 2026 2875 2385 2957; x_wconf 82' lang='lat' dir='ltr'>magnitudine</span> 
     </span>
     <span class='ocr_line' id='line_1_34' title="bbox 575 2952 2384 3037; baseline 0.006 -24"><span class='ocrx_word' id='word_1_257' title='bbox 575 2959 830 3037; x_wconf 85' lang='lat' dir='ltr'>privatur,</span> <span class='ocrx_word' id='word_1_258' title='bbox 872 2952 942 3014; x_wconf 90' lang='lat' dir='ltr'>sui</span> <span class='ocrx_word' id='word_1_259' title='bbox 981 2959 1172 3037; x_wconf 79' lang='lat' dir='ltr'>generis</span> <span class='ocrx_word' id='word_1_260' title='bbox 1222 2953 1377 3016; x_wconf 88' lang='lat' dir='ltr'>Galla</span> <span class='ocrx_word' id='word_1_261' title='bbox 1402 2954 1480 3015; x_wconf 88' lang='lat' dir='ltr'>B:</span> <span class='ocrx_word' id='word_1_262' title='bbox 1524 2955 1554 3014; x_wconf 73' lang='lat' dir='ltr'>a</span> <span class='ocrx_word' id='word_1_263' title='bbox 1577 2954 1844 3018; x_wconf 90' lang='lat' dir='ltr'>secundina</span> <span class='ocrx_word' id='word_1_264' title='bbox 1887 2962 2075 3020; x_wconf 87' lang='lat' dir='ltr'>etenim</span> <span class='ocrx_word' id='word_1_265' title='bbox 2100 2962 2163 3036; x_wconf 92' lang='lat' dir='ltr'>C,</span> <span class='ocrx_word' id='word_1_266' title='bbox 2217 2959 2384 3027; x_wconf 72' lang='lat' dir='ltr'>stmen</span> 
     </span>
     <span class='ocr_line' id='line_1_35' title="bbox 579 3038 2384 3129; baseline 0.006 -34"><span class='ocrx_word' id='word_1_267' title='bbox 579 3038 846 3114; x_wconf 86' lang='lat' dir='ltr'>ambiente,</span> <span class='ocrx_word' id='word_1_268' title='bbox 889 3045 941 3099; x_wconf 84' lang='lat'>&amp;</span> <span class='ocrx_word' id='word_1_269' title='bbox 965 3039 1032 3098; x_wconf 87' lang='lat' dir='ltr'>ab</span> <span class='ocrx_word' id='word_1_270' title='bbox 1055 3039 1163 3122; x_wconf 90' lang='lat' dir='ltr'>ipso</span> <span class='ocrx_word' id='word_1_271' title='bbox 1177 3042 1366 3123; x_wconf 88' lang='lat' dir='ltr'>pariter</span> <span class='ocrx_word' id='word_1_272' title='bbox 1393 3040 1542 3100; x_wconf 88' lang='lat' dir='ltr'>calice</span> <span class='ocrx_word' id='word_1_273' title='bbox 1577 3059 1755 3104; x_wconf 91' lang='lat' dir='ltr'>tumor</span> <span class='ocrx_word' id='word_1_274' title='bbox 1776 3043 1989 3125; x_wconf 89' lang='lat' dir='ltr'>quidam</span> <span class='ocrx_word' id='word_1_275' title='bbox 2025 3049 2267 3129; x_wconf 87' lang='lat' dir='ltr'>erumpit,</span> <span class='ocrx_word' id='word_1_276' title='bbox 2292 3048 2384 3128; x_wconf 90' lang='lat' dir='ltr'>qui</span> 
     </span>
     <span class='ocr_line' id='line_1_36' title="bbox 580 3122 2384 3210; baseline 0.006 -32"><span class='ocrx_word' id='word_1_277' title='bbox 580 3122 809 3180; x_wconf 80' lang='lat' dir='ltr'>exterius</span> <span class='ocrx_word' id='word_1_278' title='bbox 830 3123 1056 3184; x_wconf 88' lang='lat' dir='ltr'>cristatas</span> <span class='ocrx_word' id='word_1_279' title='bbox 1079 3130 1277 3206; x_wconf 87' lang='lat' dir='ltr'>promit</span> <span class='ocrx_word' id='word_1_280' title='bbox 1300 3125 1603 3208; x_wconf 86' lang='lat' dir='ltr'>appendices</span> <span class='ocrx_word' id='word_1_281' title='bbox 1627 3128 1709 3202; x_wconf 79' lang='lat' dir='ltr'>D,</span> <span class='ocrx_word' id='word_1_282' title='bbox 1751 3148 1869 3210; x_wconf 85' lang='lat' dir='ltr'>quae</span> <span class='ocrx_word' id='word_1_283' title='bbox 1897 3126 2134 3192; x_wconf 81' lang='lat' dir='ltr'>melleum</span> <span class='ocrx_word' id='word_1_284' title='bbox 2157 3128 2384 3192; x_wconf 85' lang='lat' dir='ltr'>reddunt</span> 
     </span>
     <span class='ocr_line' id='line_1_37' title="bbox 581 3204 2384 3289; baseline 0.006 -27"><span class='ocrx_word' id='word_1_285' title='bbox 581 3204 824 3263; x_wconf 87' lang='lat' dir='ltr'>ichorem.</span> <span class='ocrx_word' id='word_1_286' title='bbox 911 3208 1187 3286; x_wconf 80' lang='lat' dir='ltr'>UtriculiS,</span> <span class='ocrx_word' id='word_1_287' title='bbox 1243 3211 1475 3285; x_wconf 80' lang='lat' dir='ltr'>tracheiS,</span> <span class='ocrx_word' id='word_1_288' title='bbox 1530 3212 1743 3274; x_wconf 84' lang='lat' dir='ltr'>&amp;fibris</span> <span class='ocrx_word' id='word_1_289' title='bbox 1772 3211 1975 3276; x_wconf 86' lang='lat' dir='ltr'>constat</span> <span class='ocrx_word' id='word_1_290' title='bbox 1990 3238 2006 3286; x_wconf 83' lang='lat'>3</span> <span class='ocrx_word' id='word_1_291' title='bbox 2047 3212 2183 3276; x_wconf 86' lang='lat' dir='ltr'>unde</span> <span class='ocrx_word' id='word_1_292' title='bbox 2212 3212 2384 3289; x_wconf 54' lang='lat' dir='ltr'>setim,</span> 
     </span>
     <span class='ocr_line' id='line_1_38' title="bbox 585 3292 2385 3381; baseline 0.008 -36"><span class='ocrx_word' id='word_1_293' title='bbox 585 3292 636 3346; x_wconf 81' lang='lat' dir='ltr'>in</span> <span class='ocrx_word' id='word_1_294' title='bbox 662 3294 995 3349; x_wconf 87' lang='lat' dir='ltr'>concavitate</span> <span class='ocrx_word' id='word_1_295' title='bbox 1013 3314 1316 3356; x_wconf 84' lang='lat' dir='ltr'>contentum</span> <span class='ocrx_word' id='word_1_296' title='bbox 1339 3295 1551 3357; x_wconf 83' lang='lat' dir='ltr'>exhibet</span> <span class='ocrx_word' id='word_1_297' title='bbox 1573 3320 1801 3358; x_wconf 83' lang='lat' dir='ltr'>vennem</span> <span class='ocrx_word' id='word_1_298' title='bbox 1819 3296 1891 3358; x_wconf 90' lang='lat' dir='ltr'>E.</span> <span class='ocrx_word' id='word_1_299' title='bbox 1977 3296 2143 3360; x_wconf 78' lang='lat' dir='ltr'>Gallae</span> <span class='ocrx_word' id='word_1_300' title='bbox 2165 3321 2307 3381; x_wconf 84' lang='lat' dir='ltr'>apex</span> <span class='ocrx_word' id='word_1_301' title='bbox 2328 3297 2385 3359; x_wconf 92' lang='lat' dir='ltr'><em>F</em></span> 
     </span>
     <span class='ocr_line' id='line_1_39' title="bbox 588 3374 2382 3463; baseline 0.009 -35"><span class='ocrx_word' id='word_1_302' title='bbox 588 3394 849 3432; x_wconf 84' lang='lat' dir='ltr'>concavus</span> <span class='ocrx_word' id='word_1_303' title='bbox 871 3374 955 3448; x_wconf 90' lang='lat' dir='ltr'>est,</span> <span class='ocrx_word' id='word_1_304' title='bbox 996 3381 1048 3435; x_wconf 75' lang='grc' dir='ltr'>ὅ(</span> <span class='ocrx_word' id='word_1_305' title='bbox 1071 3380 1121 3435; x_wconf 94' lang='lat' dir='ltr'>in</span> <span class='ocrx_word' id='word_1_306' title='bbox 1147 3379 1342 3463; x_wconf 74' lang='lat' dir='ltr'>lingulis</span> <span class='ocrx_word' id='word_1_307' title='bbox 1359 3405 1468 3442; x_wconf 90' lang='lat' dir='ltr'>non</span> <span class='ocrx_word' id='word_1_308' title='bbox 1481 3383 1693 3445; x_wconf 86' lang='lat' dir='ltr'>eandem</span> <span class='ocrx_word' id='word_1_309' title='bbox 1713 3380 1877 3444; x_wconf 87' lang='lat' dir='ltr'>servat</span> <span class='ocrx_word' id='word_1_310' title='bbox 1901 3384 2382 3463; x_wconf 84' lang='lat' dir='ltr'>configurationem.</span> 
     </span>
    </p>

    <p class='ocr_par' dir='ltr' id='par_1_6' title="bbox 586 3453 2386 3716">
     <span class='ocr_line' id='line_1_40' title="bbox 672 3453 2385 3545; baseline 0.007 -29"><span class='ocrx_word' id='word_1_311' title='bbox 672 3453 733 3513; x_wconf 87' lang='lat' dir='ltr'>In</span> <span class='ocrx_word' id='word_1_312' title='bbox 758 3455 1033 3515; x_wconf 76' lang='lat' dir='ltr'>Avellanis</span> <span class='ocrx_word' id='word_1_313' title='bbox 1057 3466 1240 3541; x_wconf 88' lang='lat' dir='ltr'>pariter</span> <span class='ocrx_word' id='word_1_314' title='bbox 1266 3490 1377 3526; x_wconf 78' lang='lat' dir='ltr'>nux</span> <span class='ocrx_word' id='word_1_315' title='bbox 1397 3470 1529 3525; x_wconf 89' lang='lat' dir='ltr'>inter</span> <span class='ocrx_word' id='word_1_316' title='bbox 1551 3470 1693 3527; x_wconf 89' lang='lat' dir='ltr'>initia</span> <span class='ocrx_word' id='word_1_317' title='bbox 1719 3466 1904 3528; x_wconf 87' lang='lat' dir='ltr'>tenello</span> <span class='ocrx_word' id='word_1_318' title='bbox 1923 3470 2112 3526; x_wconf 85' lang='lat' dir='ltr'>cortice</span> <span class='ocrx_word' id='word_1_319' title='bbox 2135 3471 2385 3545; x_wconf 89' lang='lat' dir='ltr'>munitur,</span> 
     </span>
     <span class='ocr_line' id='line_1_41' title="bbox 586 3541 2385 3632; baseline 0.01 -36"><span class='ocrx_word' id='word_1_320' title='bbox 586 3543 674 3618; x_wconf 82' lang='lat' dir='ltr'>qui</span> <span class='ocrx_word' id='word_1_321' title='bbox 697 3541 869 3598; x_wconf 63' lang='lat' dir='ltr'>inflicii</span> <span class='ocrx_word' id='word_1_322' title='bbox 894 3541 1108 3604; x_wconf 86' lang='lat' dir='ltr'>vulneris</span> <span class='ocrx_word' id='word_1_323' title='bbox 1122 3548 1403 3608; x_wconf 88' lang='lat' dir='ltr'>cicatricem</span> <span class='ocrx_word' id='word_1_324' title='bbox 1421 3549 1613 3622; x_wconf 80' lang='lat' dir='ltr'>servat,-</span> <span class='ocrx_word' id='word_1_325' title='bbox 1655 3555 1790 3613; x_wconf 88' lang='lat' dir='ltr'>circa</span> <span class='ocrx_word' id='word_1_326' title='bbox 1813 3573 1989 3632; x_wconf 89' lang='lat' dir='ltr'>quam,</span> <span class='ocrx_word' id='word_1_327' title='bbox 2031 3551 2261 3615; x_wconf 85' lang='lat' dir='ltr'>craffiore</span> <span class='ocrx_word' id='word_1_328' title='bbox 2273 3552 2385 3615; x_wconf 91' lang='lat' dir='ltr'>red-</span> 
     </span>
     <span class='ocr_line' id='line_1_42' title="bbox 590 3623 2386 3716; baseline 0.011 -36"><span class='ocrx_word' id='word_1_329' title='bbox 590 3623 705 3682; x_wconf 88' lang='lat' dir='ltr'>dito</span> <span class='ocrx_word' id='word_1_330' title='bbox 730 3623 932 3700; x_wconf 82' lang='lat' dir='ltr'>nucleo,</span> <span class='ocrx_word' id='word_1_331' title='bbox 949 3624 1082 3685; x_wconf 86' lang='lat' dir='ltr'>labia</span> <span class='ocrx_word' id='word_1_332' title='bbox 1106 3629 1361 3689; x_wconf 87' lang='lat' dir='ltr'>interdum</span> <span class='ocrx_word' id='word_1_333' title='bbox 1379 3633 1721 3694; x_wconf 85' lang='lat' dir='ltr'>attolluntur:</span> <span class='ocrx_word' id='word_1_334' title='bbox 1763 3636 2068 3716; x_wconf 84' lang='lat' dir='ltr'>contiguum</span> <span class='ocrx_word' id='word_1_335' title='bbox 2093 3641 2240 3713; x_wconf 76' lang='lat' dir='ltr'>verb,</span> <span class='ocrx_word' id='word_1_336' title='bbox 2260 3659 2386 3701; x_wconf 85' lang='lat' dir='ltr'>con-</span> 
     </span>
    </p>
   </div>
   <div class='ocr_carea' id='block_1_4' title="bbox 2079 3721 2386 3805">
    <p class='ocr_par' dir='ltr' id='par_1_7' title="bbox 2079 3721 2386 3805">
     <span class='ocr_line' id='line_1_43' title="bbox 2079 3721 2386 3805; baseline 0.01 -25"><span class='ocrx_word' id='word_1_337' title='bbox 2079 3721 2386 3805; x_wconf 75' lang='lat' dir='ltr'>tentumque</span> 
     </span>
    </p>
   </div>
   <div class='ocr_carea' id='block_1_5' title="bbox 311 303 2353 327">
    <p class='ocr_par' dir='ltr' id='par_1_8' title="bbox 311 303 2353 327">
     <span class='ocr_line' id='line_1_44' title="bbox 311 303 2353 327; baseline 0 3599"><span class='ocrx_word' id='word_1_338' title='bbox 311 303 2353 327; x_wconf 95' lang='lat' dir='ltr'> </span> 
     </span>
    </p>
   </div>
  </div>
 </body>
</html>
