2664 3944
318 128 2318 168 “e—ffl—

384 205 413 243 2.

912 166 1175 230 Marcelli
1208 159 1531 245 Malpighii
1559 158 1903 239 QAppende'x

325 251 2324 289 Γ

312 898 439 946 ΤΑΒ.
474 917 511 947 ι.

338 967 426 1033 Fig.
458 986 494 1016 ι.

334 1707 423 1771 fig.
455 1724 496 1753 2.

342 2274 429 2338 Fig.
456 2289 494 2338 3.

340 2515 429 2580 fig.
447 2531 491 2576 4.

352 3178 441 3244 Fig.
461 3192 499 3240 5.

537 301 744 351 brevibus
760 310 936 343 exarata
954 290 1024 338 hic
1042 286 1271 350 habebitis,
1305 304 1388 354 pro
1415 287 1581 350 majori
1613 300 1787 346 eorum,
1820 300 1918 352 quae
1953 283 2059 334 alias
2088 289 2226 350 innui,
2262 289 2325 337 dit

543 374 835 424 lucidatione:
876 370 925 413 ln
938 382 984 411 re
997 365 1121 411 enim
1134 378 1230 410 tam
1243 359 1440 421 obscura,
1476 363 1523 407 in
1538 376 1585 407 re
1598 359 1671 406 cui
1698 360 1844 425 optica
1863 356 2149 411 instrumenta
2162 381 2323 431 parum

539 444 736 516 prosunt,
770 443 874 489 cum
892 436 1266 490 ususindicaverit
1281 437 1502 484 rationem
1531 433 1760 501 separandi
1795 434 2098 485 cicatriculam
2124 438 2149 485 a
2167 440 2323 488 vitello

541 527 589 569 &
611 517 862 575 albumine,
897 516 1107 581 exiguum
1125 509 1346 559 subdubiae
1364 509 1472 558 lucis
1487 513 1533 557 in
1559 509 1814 575 primorum
1846 507 2087 558 staminum
2115 513 2323 582 indagine

537 589 709 639 effulsit.

607 667 656 710 In
671 667 777 712 Ovo
793 661 956 710 nondum
980 659 1210 721 incubare,
1243 657 1451 708 foecundo
1467 675 1636 720 tamen,
1670 673 1764 705 non
1779 656 1987 706 absimilis
2016 657 2072 706 ab
2087 659 2327 712 observatis

543 734 647 784 alias
666 742 713 784 &
737 735 959 802 descriptis
984 733 1259 783 Cicatricula
1273 733 1440 796 aderat,
1473 749 1570 800 quae
1591 733 1704 780 inter
1730 729 1909 799 galazas
1922 731 2159 797 collocata,
2186 737 2327 785 med-i-

541 827 621 855 um
646 809 798 858 locum
813 812 927 855 inter
955 806 1060 857 bina
1085 811 1175 857 Ovi
1199 811 1434 856 cacumina
1449 805 1727 868 sortiebatur,
1763 803 1899 874 ejusq3
1932 809 2140 858 naturalis
2153 813 2329 879 magni-

538 884 647 931 tudo
682 883 848 931 lentem
871 896 966 931 non
992 881 1244 932 excedebat.
1313 886 1363 930 In
1385 880 1510 946 hujus
1541 882 1648 947 itaq3
1670 896 1822 929 centro
1842 879 2029 929 circulus
2045 882 2254 932 candidus
2275 892 2327 949 A,

543 960 713 1025 aggeris
729 956 878 1021 instar,
891 955 1319 1025 deprehendebatur,
1355 956 1433 1023 qui
1450 952 1672 1022 superiora
1689 954 1840 1002 versus
1867 973 1972 1004 cum
1989 955 2190 1007 veficulis
2207 963 2248 1009 Β
2264 965 2329 1011 in-

543 1030 722 1079 terdum
739 1035 989 1080 continuari
1004 1028 1261 1092 videbatur,-
1299 1032 1345 1078 in
1362 1029 1446 1077 hoc
1460 1027 1864 1096 colliquamentum
1882 1031 1915 1076 C
1927 1030 2250 1097 continebatur,
2283 1039 2330 1086 in

536 1121 630 1171 quo
644 1104 757 1172 pulli
782 1109 934 1155 carina
948 1109 991 1153 D
1018 1104 1214 1154 candidis
1226 1103 1447 1154 delineata
1463 1104 1589 1152 zonis
1611 1099 1855 1164 innatabat,
1887 1118 1986 1169 quae
2012 1106 2057 1153 in
2073 1103 2331 1159 summitate

537 1178 770 1245 quandoq,-
795 1177 1127 1229 discontinuatae
1152 1177 1428 1247 apparebant
1450 1208 1462 1244 3
1496 1191 1758 1225 contentum
1771 1175 1883 1224 vero
1914 1174 2104 1244 spatium
2130 1181 2332 1248 plumbei

538 1249 697 1298 coloris
718 1255 836 1301 icore
862 1252 1131 1321 replebatur.
1199 1255 1376 1302 Carinae
1404 1252 1738 1299 extremitatem
1766 1244 1960 1298 sacculus
1990 1255 2029 1300 E
2056 1252 2331 1309 obscurabat.

542 1325 811 1375 Succedebat
827 1327 919 1377 lata
936 1327 1060 1395 quafi
1073 1326 1204 1376 fascia
1217 1328 1266 1390 F,
1298 1342 1399 1394 qnae
1413 1325 1597 1375 tandem
1611 1323 1878 1375 umbilicalis
1891 1342 1995 1373 area
2009 1328 2160 1378 evadit
2178 1348 2187 1377 z
2227 1335 2334 1382 Haec

540 1402 706 1465 partim
717 1399 874 1464 solida,
892 1402 1020 1473 hacq,
1035 1397 1333 1463 subvitellinfi,
1349 1402 1516 1469 partim
1529 1399 1703 1468 liquida
1722 1405 1768 1450 &
1783 1395 1900 1449 fusca
1916 1402 2335 1475 integrabatur,por-

541 1475 681 1535 tione,
718 1480 765 1522 &
790 1475 814 1523 a
840 1475 1179 1544 colliquamenti
1203 1473 1350 1526 rivulo
1376 1476 1415 1521 G
1443 1473 1726 1524 ambiebatur
1744 1516 1759 1539 ,
1794 1489 1935 1541 quem
1963 1477 2185 1544 angularis
2213 1498 2331 1531 zona

540 1547 733 1597 candida
746 1553 807 1598 H
814 1550 1134 1600 circumdabat.

608 1626 658 1669 In
685 1628 809 1685 Ovo,
832 1621 981 1692 elapso
1003 1624 1105 1687 Julii
1134 1623 1287 1674 mense
1314 1623 1373 1672 ab
1397 1623 1526 1672 Indica
1542 1625 1692 1691 gallina
1720 1622 1939 1673 incubato
1957 1665 1971 1688 ,
2006 1624 2105 1692 post
2133 1629 2245 1679 horas
2258 1628 2336 1698 fix

543 1697 796 1745 cicatricula
811 1697 1065 1746 naturalem
1081 1699 1193 1747 hanc
1209 1697 1469 1745 sortiebatur
1504 1696 1866 1757 magnitudinem
1902 1705 1955 1759 A,
1979 1702 2025 1747 in
2041 1706 2161 1768 cujus
2182 1719 2336 1752 centro

544 1767 737 1817 veficula
754 1770 794 1816 Β
827 1769 1140 1837 irregularibus
1178 1765 1405 1816 interdum
1434 1762 1592 1812 finibus
1621 1766 1877 1827 terminata,
1902 1764 2173 1842 diaphan0q3
2200 1781 2338 1846 turgi-

540 1841 599 1891 da
631 1842 818 1890 humore
832 1842 1078 1888 Iocabatur.
1147 1839 1264 1886 Pulli
1276 1842 1435 1888 carinae
1453 1844 1502 1887 δι
1533 1840 1691 1903 capitis
1709 1836 2023 1890 inchoamenta
2036 1861 2162 1896 zonae
2191 1846 2336 1917 specie

542 1920 575 1964 C
584 1915 886 1983 emergebant,
899 1918 946 1963 in
960 1912 1318 1980 colliquamento
1346 1908 1549 1979 plumbei
1567 1911 1727 1961 coloris
1751 1915 2016 1980 innatantia,
2049 1921 2178 1987 quod
2193 1927 2337 1975 circu-

540 1990 587 2038 lo
603 1994 644 2038 D
660 1990 780 2058 quafi
797 2007 954 2058 aggere
968 1988 1267 2037 coercebatur.
1304 1982 1575 2035 Succedebat
1592 1983 1682 2034 lata
1696 1986 1905 2053 quaedam
1918 1991 2191 2045 umbilicalis
2207 1996 2336 2049 fascia

538 2068 592 2126 E,
607 2061 792 2114 sublutei
819 2063 996 2123 coloriS,
1016 2078 1113 2129 quae
1131 2059 1356 2110 interdum
1379 2055 1666 2108 foraminulis
1683 2063 1855 2127 pervia,
1868 2066 2060 2129 pumicis
2076 2067 2226 2135 instar,
2238 2073 2333 2122 col-

539 2136 825 2205 liquamento
854 2135 1034 2185 madida
1059 2133 1343 2196 reddebatur,
1378 2136 1503 2199 cujus
1534 2131 1761 2184 ambitum
1787 2134 1955 2184 rivulus
1981 2139 2021 2185 F
2042 2139 2257 2210 alluebat,
2285 2154 2334 2197 &

542 2212 727 2260 tandem
744 2210 954 2260 candidus
970 2209 1158 2261 circulus
1184 2212 1223 2257 G
1236 2210 1393 2257 omnia
1405 2205 1675 2259 continebat.
1742 2212 1792 2256 In
1808 2208 1920 2272 aliis,
1938 2211 2209 2268 umbilicalis
2231 2240 2334 2274 area

544 2289 606 2335 H
625 2291 672 2335 in
690 2291 860 2335 icorem
884 2284 1007 2352 quali
1021 2282 1129 2346 fusa,
1162 2281 1282 2331 fusca
1310 2280 1589 2344 reddebatur,
1624 2287 1671 2330 &
1703 2280 1849 2350 plures
1865 2285 2053 2335 circuli]
2072 2292 2335 2362 interpofitis

544 2360 731 2409 alveolis
745 2361 803 2422 K
822 2358 1278 2409 circumducebantur.

609 2433 713 2484 Post
731 2435 923 2483 duodecim
935 2436 1115 2483 horarum
1142 2432 1400 2482 incubatum
1426 2429 1678 2479 cicatricula
1696 2430 1772 2479 tali
1798 2430 1999 2499 pollebat
2022 2440 2332 2507 magnitudine

541 2507 593 2564 A,
627 2506 673 2550 in
686 2506 807 2567 cujus
825 2520 980 2551 centro
990 2501 1394 2570 colliquamentum
1415 2501 1455 2547 Β
1467 2497 1787 2548 observabatur
1799 2518 1905 2550 cum
1924 2505 2091 2568 carina,
2104 2524 2203 2575 quae
2226 2527 2332 2559 can-

542 2576 656 2624 didis
671 2576 898 2626 delineata
928 2580 1052 2625 zonis
1067 2575 1311 2625 rotundum
1338 2573 1586 2642 capitulum
1613 2571 1882 2642 defignabat,
1911 2581 1958 2624 &
1974 2576 2090 2627 ultra
2117 2581 2334 2632 medieta-

540 2668 635 2699 tem
657 2650 923 2702 orbiculares
937 2652 1243 2701 vertebrarum
1268 2647 1494 2712 veficulas,
1516 2647 1743 2697 hincinde
1766 2647 1983 2699 adstantes
2009 2655 2053 2715 C,
2078 2657 2230 2721 primo
2253 2676 2328 2707 ex-

542 2723 753 2792 hibebat3
790 2725 917 2792 hujus
957 2742 1111 2775 tamen
1149 2726 1360 2775 structura
1401 2720 1580 2773 sacculo
1626 2725 1671 2771 D
1708 2721 2051 2792 frequentiffime
2090 2727 2335 2782 velabatur.

545 2799 817 2848 Succedebat
831 2800 1041 2850 candidus
1069 2800 1125 2849 de
1140 2818 1268 2848 more
1291 2798 1481 2847 circulus
1509 2802 1562 2860 E,
1599 2801 1676 2867 qui
1699 2800 1890 2848 exterius
1905 2800 2088 2868 copioso
2105 2802 2334 2873 colliqua-

542 2878 684 2923 menti
709 2874 910 2925 rivuloF
932 2875 1237 2940 ambiebatur,
1273 2873 1374 2920 huic
1392 2876 1599 2941 proxima
1624 2871 1946 2922 extendebatur
1976 2892 2081 2925 area
2096 2875 2334 2930 umbilica—

542 2947 595 2996 lis
624 2952 677 3012 G,
712 2968 810 3018 quae
837 2948 933 2998 lato
949 2950 1098 2999 rivulo
1124 2953 1185 2999 H
1192 2947 1454 2998 alluebatur.
1523 2951 1607 2997 His
1628 2947 1902 2998 addebantur
1929 2948 2157 3018 quandoq3
2183 2952 2335 3020 plures

548 3023 702 3071 circuli
719 3028 741 3073 1
764 3023 914 3074 taliter
939 3023 1248 3074 circumducti.

616 3100 666 3144 In
691 3099 791 3146 aliis
813 3099 1076 3147 cicatriculis
1092 3102 1151 3147 ita
1166 3094 1384 3146 incubatis
1412 3096 1658 3164 simplicior
1687 3095 1945 3163 emergebat
1968 3096 2262 3166 configuratio
2286 3100 2335 3149 in

547 3169 795 3221 umbilicali
824 3175 1020 3235 areaK,
1056 3180 1101 3222 &
1131 3170 1359 3221 ambiente
1385 3171 1550 3220 circulo
1566 3174 1619 3232 L,
1646 3169 1739 3218 lato
1754 3169 1863 3219 satis.
1933 3170 2048 3220 Pulli
2063 3174 2331 3222 carinacan-

548 3241 648 3292 dida
673 3248 873 3313 quadam
901 3248 1014 3296 zona
1030 3246 1352 3314 defignabatur,
1380 3262 1478 3312 quae
1495 3245 1661 3312 duplici
1691 3243 1935 3294 excrescens
1950 3259 2144 3309 tumore,
2178 3252 2332 3315 capitis

546 3317 863 3369 inchoamenta
890 3324 948 3372 M
952 3319 1190 3381 indicabat,
1224 3325 1269 3368 &
1302 3319 1610 3367 vertebrarum
1625 3317 1834 3387 globulos
1865 3317 2028 3367 Nhinc
2047 3321 2149 3370 inde
2163 3320 2330 3369 haeren-

548 3408 613 3439 tes
640 3391 844 3442 habebat.

612 3460 662 3507 T
666 3460 860 3508 ransaOoel
887 3460 1029 3509 decim&
1056 3459 1315 3523 οἶέανᾶβονᾶ,
1352 3460 1603 3510 cicatricula
1633 3459 1758 3528 hujus
1774 3459 2019 3507 latitudinis
2044 3465 2082 3510 A
2091 3460 2235 3509 versus
2249 3458 2333 3510 ob-

546 3530 689 3580 tusum
711 3536 803 3581 Ovi
818 3552 1054 3582 cacumem
1090 3534 1363 3586 ascendebat.
1434 3539 1480 3584 ln
1496 3534 1650 3583 medio
1671 3534 2075 3601 colliquamentum
2105 3532 2236 3583 solito
2260 3551 2332 3602 ag.

2226 3623 2331 3674 gere
