2638 3926
0 1240 6 1247 ²
0 1219 4 1231 -
0 684 16 1186 νἿΜ-*ῆηππυψψπψψ-ἓωἫω-ιψῆᾏν
0 360 19 679 τετπυυμιειυῆπυμῑςξῳρ

936 194 1025 251 De
1055 191 1190 251 Pilis
1221 199 1293 256 &
1317 197 1504 274 Spinis.

303 331 445 388 varia
482 328 717 387 contenti
740 325 972 383 humoris
1003 326 1273 406 turgentia,
1315 329 1549 406 &copia,
1597 326 1944 387 diversimode
1977 330 2107 412 figu-

302 432 498 472 rantur.

385 494 694 554 Solidiorem
741 491 1093 566 substantiam,
1133 497 1186 550 &
1211 493 1277 551 ad
1301 491 1586 554 feriendum
1611 499 1866 574 aptiorem
1909 501 2106 576 expeti*

300 601 416 638 mur
438 582 490 637 in
524 577 715 637 Urtica
754 577 981 637 aculeata
1000 574 1154 655 (93.)
1181 574 1287 634 haec
1322 581 1455 636 enim
1482 577 1512 635 a
1545 577 1794 638 cauliculo
1827 578 1945 638 hinc
1984 581 2105 639 inde

297 662 466 743 plures
508 661 709 744 profert
762 661 960 742 Spinas,
1014 658 1194 717 molles
1246 678 1434 734 tamen,
1476 666 1527 721 &
1563 665 1763 737 inerteS,
1803 666 1936 722 inter
1978 683 2105 745 quas

297 746 510 828 quidam
533 748 692 806 aculei
727 747 782 802 A
806 746 1126 824 proceriores
1149 747 1391 819 eminent,
1433 745 1682 806 diversam
1721 744 2102 807 inclinationem

295 829 467 890 sortiti
488 854 502 901 3
544 853 661 888 nam
686 825 872 885 sursum
898 828 1104 908 apicem
1126 827 1398 911 respiciunt
1420 829 1708 914 frequenter
1730 854 1746 902 3
1789 831 2104 913 quandoque

297 911 696 973 horizontaliter
731 909 1033 992 diriguntur.
1125 910 1415 975 Inleruntur
1450 917 1506 975 in
1547 914 1703 976 solida
1735 914 1960 997 quadam
1998 915 2103 975 bafi

296 994 348 1059 Β
372 998 586 1079 ligneam
610 993 766 1054 caulis
805 1013 1044 1055 naturam
1081 996 1345 1073 referente,
1387 1004 1436 1058 &
1466 998 1652 1059 sursum
1680 1003 1824 1059 erecti
1850 997 2024 1059 senfim
2048 1002 2101 1060 in

296 1081 412 1161 styli
436 1079 659 1139 formam
683 1077 1048 1160 gracilescendo
1063 1081 1313 1155 desinunt,
1355 1081 1496 1164 quafi
1509 1086 1562 1143 in
1578 1082 1974 1144 infundibulum.
2017 1083 2101 1143 ln-

296 1185 378 1224 tus
420 1184 549 1224 cava
594 1163 663 1223 est
689 1165 794 1224 haec
832 1162 1008 1247 Spina,
1049 1170 1101 1225 ὃ(
1137 1163 1286 1223 succo
1327 1166 1542 1236 refert-<13
1585 1166 1790 1225 inducta
1835 1171 2066 1228 cicatrice
2082 1221 2099 1244 ,

298 1249 643 1332 penetrandO,
685 1251 954 1331 uriginem,
997 1255 1050 1309 ὃ(
1077 1267 1341 1308 tumorem
1386 1247 1782 1311 fermentatione
1803 1249 1984 1325 media,
2012 1273 2100 1311 ve-

293 1334 372 1393 lut
394 1333 552 1393 infusa
577 1356 605 1391 a
643 1356 710 1392 ua
731 1335 888 1414 regia,
927 1335 1138 1393 excitat.

378 1417 594 1475 Veneris
607 1356 828 1490 (labrum,
852 1423 906 1477 ὅ(
929 1415 1166 1474 Bardana
1190 1415 1342 1499 (94.)
1364 1422 1590 1478 recurvis
1617 1439 1825 1500 quoque
1847 1416 2101 1500 stipantur

296 1500 504 1584 Spinis:
547 1501 736 1560 horum
759 1498 885 1558 folia
909 1502 962 1561 in
987 1499 1231 1581 superiori
1250 1499 1524 1584 superficie,
1565 1507 1690 1562 &in
1711 1505 1890 1584 pronis
1929 1501 2098 1562 costu-

294 1584 369 1660 lis,
412 1585 581 1666 Spinis
609 1584 820 1643 horrida
846 1583 1152 1657 redduntur,
1191 1606 1306 1665 quae
1341 1584 1513 1645 latiori
1548 1603 1748 1646 exortae
1781 1584 1886 1645 bafi
1909 1587 1983 1659 A,
2023 1609 2100 1646 re-

295 1691 464 1728 curvo
496 1669 802 1726 muniuntur
828 1670 969 1749 apice
990 1667 1042 1723 B
1064 1691 1075 1724 ε
1117 1665 1364 1726 foliorum
1389 1672 1517 1726 vero
1541 1667 1821 1749 pediculuS,
1861 1675 1912 1729 ὃ(
1944 1671 2099 1729 caulis

293 1750 395 1835 ipstz
440 1751 726 1811 minoribus
773 1749 1128 1833 conspergitur
1172 1747 1344 1832 Spinis
1368 1752 1430 1826 C,
1470 1774 1586 1835 quae
1618 1752 2021 1812 horizontaliter
2050 1777 2099 1811 e-

292 1854 608 1920 rumpentes,
663 1834 900 1896 deorsum
930 1850 1229 1907 curvantur,
1272 1840 1324 1895 δ(
1353 1837 1777 1919 pertractandum
1813 1858 1996 1896 manus
2032 1835 2100 1896 fe-

292 1924 446 1993 riunt,
488 1918 812 2001 vestibusque
848 1919 1051 1981 haerent.

377 2003 439 2065 ln
461 2002 708 2064 Hieracio
722 2005 854 2064 flore
876 2008 928 2063 &
954 2002 1080 2065 facie
1108 2001 1363 2065 Taraxaci
1388 2004 1545 2089 (95.)
1561 2009 1693 2064 circa
1715 2003 1909 2064 caulem
1936 2008 1989 2062 ὅ(
2018 2005 2098 2063 fo-

292 2089 359 2152 lia
386 2088 608 2172 copiosae
630 2088 893 2149 luxuriant
914 2085 1088 2169 Spinae'
1111 2090 1169 2149 A
1192 2113 1299 2173 prae
1333 2089 1569 2172 inaequali
1604 2087 1972 2169 magnitudine,
2015 2112 2098 2170 ge-

292 2175 442 2234 minis
486 2171 668 2232 finibus
691 2170 762 2247 B,
806 2170 976 2252 hisque
991 2177 1239 2246 recurviS,
1289 2179 1604 2234 muniuntur.
1687 2171 1971 2253 Temporis
1998 2190 2099 2232 tra-

293 2261 379 2316 &u
396 2255 868 2315 contabescentibus
890 2254 1080 2336 Spinis,
1118 2259 1237 2315 unci
1260 2255 1582 2315 exolvuntur
1594 2260 1646 2314 &
1663 2253 1997 2315 exsiccantur.

379 2341 579 2396 Anonis
592 2361 800 2419 quoque
825 2338 980 2418 (96.)
1004 2336 1097 2400 suis
1121 2339 1336 2420 stipatur
1358 2337 1545 2421 Spinis,
1585 2355 1699 2420 quae
1721 2337 1876 2398 aculei
1905 2362 2097 2399 nomen

296 2422 483 2506 potius
533 2439 824 2492 merentur,
865 2418 990 2479 cum
1026 2422 1336 2506 spiculorum
1379 2445 1540 2495 more,
1581 2421 1794 2482 vulnera
1838 2423 2088 2505 infligant.

297 2506 397 2568 Ab
431 2505 578 2577 hujus
604 2504 742 2566 caule
775 2504 831 2563 A
867 2502 986 2564 hinc
1026 2506 1145 2566 inde
1166 2507 1197 2565 a
1222 2505 1468 2566 foliorum
1505 2504 1656 2566 axilla
1686 2505 1737 2563 B
1774 2528 2000 2588 germen,
2042 2514 2094 2570 ὃ(

299 2589 439 2673 quafi
479 2589 698 2650 surculus
730 2591 970 2670 erumpit,
1018 2594 1106 2674 qui
1141 2596 1193 2650 &
1217 2589 1531 2650 confimilem
1565 2592 1609 2650 C
1635 2590 1919 2676 producere
1956 2590 2092 2652 solet.

303 2674 560 2735 Ulteriori
588 2673 847 2757 progreffu
870 2673 899 2730 a
928 2672 1037 2736 folii
1069 2674 1154 2736 hic
1189 2674 1479 2735 detruncati
1512 2674 1666 2734 axilla
1701 2674 1865 2734 lemen
1885 2675 1947 2733 D
1971 2699 2096 2759 pro-

300 2763 493 2832 minet,
535 2758 784 2840 reliquum
810 2757 988 2818 surculi
1025 2759 1143 2819 hinc
1178 2758 1298 2818 inde
1336 2758 1461 2819 folia
1483 2760 1535 2818 E
1563 2763 1770 2833 emittit,
1813 2780 1928 2841 quae
1963 2765 2096 2821 circa

300 2844 452 2926 iplius
486 2846 687 2927 apicem
720 2841 1103 2920 contabescunt,
1145 2848 1197 2903 &
1236 2842 1502 2926 postremo
1541 2842 1815 2904 obliterata
1852 2848 2097 2926 vegetati-

302 2950 419 3002 one,
459 2931 512 2988 in
536 2926 767 2988 aculeum
792 2927 922 3010 pene
944 2926 1140 2988 osseum
1161 2930 1495 2988 acuminatur.

388 3010 485 3070 Ab
517 3011 680 3073 herbis
709 3012 777 3072 ad
809 3011 1012 3072 frutices
1048 3018 1100 3072 &
1137 3012 1348 3071 arbores
1387 3014 1654 3073 transitum
1707 3013 1958 3073 faciamus.
2031 3012 2092 3073 ln

304 3095 448 3177 Rofis
463 3094 616 3177 (97.)
640 3096 825 3158 tenellis
854 3095 993 3169 folia,
1035 3100 1087 3156 ὅ(
1121 3095 1300 3158 surculi
1325 3096 1691 3180 multiplicibus
1726 3095 1894 3177 Spinis
1928 3101 2093 3157 muni—

305 3198 492 3252 untur,
533 3182 754 3240 minores
774 3183 962 3242 etenim
981 3179 1038 3236 A
1052 3178 1228 3240 molles
1251 3180 1632 3262 pyramidaliter
1657 3178 1981 3262 affurgenteS,
2014 3205 2095 3241 ca-

307 3262 474 3345 pitulo
495 3262 712 3347 pollent,
747 3265 777 3322 a
800 3289 908 3347 quo
930 3263 1270 3324 terebinthina
1292 3263 1552 3326 funditur:
1592 3263 1790 3348 reliquae
1816 3263 2093 3341 solidioreS,

305 3353 357 3407 ὅ(
379 3346 553 3428 ligneae
578 3342 630 3404 Β
649 3369 942 3409 curvantur.

391 3430 449 3488 ln
473 3431 794 3511 Oxyacantha
818 3432 968 3514 (98.)
993 3432 1162 3515 Spinae
1185 3456 1289 3516 prae
1313 3436 1501 3494 caeteris
1524 3437 1747 3494 eminent
1769 3460 1780 3493 ι
1821 3433 1900 3493 hae
1927 3431 2094 3494 surcu-

306 3512 477 3572 lorum
507 3539 670 3592 more,
711 3516 779 3578 ab
808 3518 1064 3577 annotino
1101 3537 1380 3600 erumpunt
1424 3517 1621 3579 surculo
1643 3519 1699 3577 A
1723 3517 1871 3598 supra
1904 3517 2092 3599 delapsi

306 3595 417 3657 folii
452 3594 601 3659 fitum
629 3601 696 3676 B,
737 3607 789 3663 ὅ(
811 3601 902 3662 diu
925 3599 1013 3661 sub
1040 3623 1254 3686 gemmae
1288 3602 1449 3687 specie
1466 3602 1655 3666 foliolis
1677 3597 1940 3665 contextae
1963 3602 2006 3660 C
2023 3603 2093 3661 la-

1201 3684 1285 3758 Q
1925 3688 2091 3746 titant.

2172 222 2245 284 57
