2600 3952
264 124 2258 165 M———W

336 182 397 232 16

904 163 1334 223 MARCELLI
1378 156 1844 216 MALPIGHJI

271 242 2265 277 *W

552 289 865 356 Respirationis
882 278 975 328 usus
991 277 1090 325 licet
1106 291 1275 326 tantam
1288 275 1414 326 nobis
1426 278 1639 343 importet
1656 274 1969 334 neceffitatem,
1986 270 2101 320 adeo
2115 287 2268 323 tamen

481 363 700 419 obscurus,
725 357 929 419 mihique
949 350 1091 399 adhuc
1106 353 1278 419 ignotus
1293 352 1355 401 est
1372 393 1385 415 ,
1417 368 1466 400 ut
1474 350 1574 420 post
1587 349 1753 399 multas
1771 346 2086 399 meditationes
2102 365 2155 394 ea
2173 363 2266 396 tan-

480 440 574 484 tum
593 435 701 481 mihi
717 444 913 494 repetere
928 424 1071 491 liceat,
1087 444 1184 495 quae
1201 427 1309 475 alias
1324 426 1609 476 subindicavi.
1677 426 1801 474 Cum
1830 424 1956 471 enim
1968 424 2271 490 vegetantium

478 506 587 554 succi
615 503 1008 551 fermentationem
1035 507 1083 549 &
1102 501 1366 549 fluiditatem
1392 499 1532 549 subire
1547 498 1753 561 debeant,
1788 497 1914 557 (alias
1932 496 2058 545 nulla
2073 496 2269 546 succede-

478 577 1021 639 retnutritio‚&au<?tio,)
1054 574 1157 621 ideo
1183 573 1464 622 trachearum
1494 592 1581 640 ope
1607 571 1883 620 turbativum
1912 578 1958 620 &
1976 567 2151 619 summe
2165 573 2272 620 aeci-

478 664 587 694 vum
618 645 856 716 separatur,
889 666 981 715 quo
1010 653 1056 695 ὃς
1074 645 1263 694 fluiditas
1297 663 1615 713 promovetur,
1651 651 1698 692 δι
1729 643 2015 693 fermentatio
2029 648 2273 720 excitatur3

475 720 655 770 diverse
671 740 869 788 namque
882 721 1027 768 lalinae
1042 718 1278 786 particulae,
1309 736 1406 785 quae
1438 718 1655 786 praecipue
1668 721 1715 765 in
1736 718 1994 786 plantarum
2008 718 2118 768 vafis
2132 719 2273 768 abun-

475 792 597 855 dant,
624 792 751 842 facile
763 798 1094 841 concretionem
1124 789 1336 853 subirent,
1359 790 1439 841 nisi
1465 792 1671 840 intestino
1702 795 1874 860 agiratae
1905 809 2033 841 motu
2057 795 2275 861 perpetuo

477 866 826 928 diffociarentur,
861 883 912 914 ut
939 864 1209 915 animalium
1223 864 1488 932 liquoribus,
1520 873 1566 915 δε
1587 865 1786 933 sanguini
1808 866 1981 930 accidit,
2009 870 2079 915 cui
2092 866 2276 934 pulmo-

476 957 586 986 num
600 958 686 1007 ope
698 941 941 989 turbativus
960 939 1201 988 affiinditur
1213 937 1376 1003 succus,
1401 940 1521 988 unde
1537 938 1750 1001 fluiditas,
1764 945 1810 988 &
1822 938 2176 990 fermentationis
2199 961 2274 991 oc—

474 1010 600 1060 cafio.
672 1017 721 1061 In
746 1013 872 1061 nobis
908 1021 955 1063 δι
973 1011 1176 1082 perfectis
1203 1013 1479 1063 animalibus
1506 1030 1598 1061 non
1630 1030 1794 1080 parum
1817 1017 1926 1062 aeris
1958 1017 2276 1084 ingurgitatur,

472 1101 567 1151 quo
582 1092 629 1134 ὃς
643 1088 911 1136 ventriculus
940 1093 987 1136 ὃς
1010 1091 1266 1138 continuata
1296 1087 1499 1137 intestina
1521 1102 1721 1148 tument,-
1754 1085 1869 1135 hunc
1891 1105 2046 1136 autem
2070 1089 2246 1139 cibariis
2260 1131 2275 1153 ,

474 1163 730 1209 coctionem
745 1158 1040 1224 subeuntibus,
1071 1163 1225 1211 intime
1242 1162 1419 1211 misceri
1449 1159 1680 1230 probabile
1695 1157 1774 1222 est,
1799 1161 2089 1230 propriosque
2100 1161 2204 1212 sales
2228 1171 2276 1214 δε

474 1236 694 1301 praecipue
715 1239 880 1285 nitrum
904 1254 985 1303 per
999 1236 1252 1306 deliquium
1269 1237 1484 1305 separatos
1504 1233 1742 1296 affundere,
1755 1250 1849 1281 non
1860 1232 1988 1283 solius
2001 1235 2277 1286 cibariorum

475 1305 704 1356 solutionis
720 1313 875 1376 gratia,
889 1310 961 1359 sed
975 1315 1115 1359 etiam
1133 1328 1184 1359 ut
1194 1310 1346 1359 debita
1359 1311 1724 1358 communicetur
1745 1306 1951 1357 fluiditas.
2021 1316 2176 1377 Qare
2190 1308 2277 1360 for-

474 1381 575 1427 tasse
588 1385 632 1428 in
646 1383 859 1431 arborum
875 1383 1153 1451 plantatione
1189 1384 1287 1434 altae
1309 1389 1555 1433 excitantur
1585 1401 1662 1451 per
1679 1382 1870 1450 longum
1889 1397 1994 1431 ante
2023 1399 2198 1452 tempus
2211 1382 2278 1434 fo-

475 1472 590 1516 veae,
619 1472 666 1503 ut
679 1456 922 1506 ambientes
935 1473 1057 1506 terrae
1082 1475 1230 1526 partes
1242 1460 1523 1527 praecipitatis
1546 1456 1603 1507 ab
1631 1474 1732 1507 aere
1745 1452 1904 1504 salibus
1916 1459 2278 1527 impraegnentur,

477 1534 523 1576 Sc
540 1528 671 1580 affusa
688 1532 868 1582 tandem
901 1538 1066 1583 iterum
1081 1550 1198 1600 aqua
1213 1574 1227 1595 ,
1257 1533 1406 1581 multo
1422 1535 1639 1581 immixta
1655 1535 1761 1595 aeri,
1784 1530 1956 1580 tenellis
1976 1530 2189 1599 plantarae
2207 1553 2276 1584 ar-

477 1602 596 1652 boris
613 1606 815 1654 radiculis
845 1607 1016 1656 debitos
1045 1604 1344 1656 subministret
1372 1605 1494 1655 sales.
1563 1610 1614 1654 ln
1629 1604 1745 1654 hunc
1776 1602 2065 1654 etiamfinem
2078 1609 2193 1657 circa
2205 1627 2278 1658 ra-

475 1676 591 1726 dices
609 1697 699 1728 arte
713 1698 923 1746 parantur
937 1683 1180 1730 vacuitates
1208 1697 1292 1746 pro
1304 1680 1575 1728 continendo
1606 1698 1728 1731 aere.
1792 1677 1918 1727 Idem
1945 1682 2087 1727 etiam
2102 1686 2279 1730 contin-

475 1754 537 1816 git
557 1756 602 1799 in
633 1770 849 1800 terrarum
871 1754 1072 1819 cultura3
1110 1767 1290 1800 eatenus
1315 1757 1442 1801 enim
1466 1749 1667 1820 proficua
1697 1749 1759 1800 est
1775 1753 1938 1813 arati0,
1964 1769 2056 1801 non
2069 1755 2280 1821 tantum,

473 1841 520 1872 ut
557 1822 726 1875 facilius
744 1826 867 1892 sales,
895 1828 1123 1877 liberiores
1149 1826 1310 1875 redditi
1336 1825 1659 1895 pertranseunti
1688 1842 1831 1894 aquae,
1865 1823 2109 1890 solvantur,
2134 1826 2211 1878 sed
2233 1842 2282 1877 ut

472 1895 643 1947 facilius
658 1907 703 1947 ὃς
718 1903 936 1969 copioliiis
963 1907 1026 1951 im
1031 1918 1278 1971 praegnetur
1297 1919 1413 1951 terra
1428 1904 1712 1970 praecipitatis
1739 1900 1764 1948 a
1785 1901 2002 1969 contiguo
2016 1918 2118 1950 aere
2133 1905 2279 1968 nitro,

472 1978 520 2020 δι
540 1972 719 2041 reliquis
733 1975 906 2040 salibus,
920 1977 1079 2045 quibus
1091 1980 1320 2045 vegetatio
1333 1979 1595 2045 promoveri
1613 1974 1770 2043 potest.

540 2050 667 2094 Dum
684 2053 878 2114 potiores
894 2051 992 2099 usus
1006 2050 1202 2098 aliorum
1216 2049 1424 2119 sagaci-tas
1440 2049 1778 2118 detegit,curfim
1792 2048 2050 2099 fiibnectam
2069 2068 2280 2119 ego‚con-

476 2137 651 2169 tentum
667 2126 712 2171 in
723 2124 904 2173 tracheis
922 2143 1072 2173 aerem
1086 2124 1330 2173 necessario
1345 2122 1523 2173 easdem
1536 2127 1630 2192 pati
1641 2123 2036 2193 proportionaliter
2049 2123 2278 2174 alteratio-

477 2214 569 2258 nes,
603 2215 709 2263 quas
731 2217 854 2248 extra
871 2197 996 2248 subit.
1067 2203 1133 2248 Ita
1145 2198 1352 2249 videmus
1365 2198 1590 2267 liquidum
1609 2198 1975 2267 humorem,quo
1987 2196 2142 2266 ligneae
2160 2196 2280 2249 fibrae

478 2276 524 2318 &
539 2271 850 2320 transversales
874 2272 1057 2320 utriculi
1084 2273 1313 2339 replentur
1329 2312 1342 2333 ,
1371 2287 1556 2339 urgente
1570 2270 1734 2340 frigore
1745 2270 1940 2338 glaciem
1954 2275 2203 2339 conci-pere,
2227 2279 2277 2322 86

474 2343 724 2393 vehementi
743 2344 820 2395 illav
839 2342 1126 2395 rarefactione
1140 2344 1419 2412 disrumpere
1434 2343 1649 2392 fibrarum
1666 2361 1954 2411 compagem,
1979 2350 2026 2393 &
2041 2344 2277 2395 robustiffi-

477 2437 573 2465 mas
587 2422 725 2468 eriam
743 2422 932 2482 arbores,
947 2419 1152 2487 oblongis
1166 2421 1362 2468 excitatis
1376 2416 1566 2468 hiatibus
1584 2457 1597 2479 ,
1632 2415 1849 2466 dilaniare
1862 2423 1908 2466 δι
1925 2415 2115 2466 lacerare
2133 2438 2143 2467 :
2184 2422 2279 2469 Ra-

477 2489 767 2541 refaCtionem
802 2497 951 2562 itaque
980 2501 1026 2544 δι
1048 2492 1438 2541 condensationem
1453 2489 1640 2540 inclusus
1667 2508 1740 2539 aer
1754 2493 1992 2558 experitur,
2016 2495 2277 2564 variatascil,

477 2571 587 2614 aeris
623 2572 840 2635 temperie
868 2587 959 2616 non
984 2587 1038 2616 ex
1075 2566 1170 2617 sola
1195 2565 1511 2636 tempestatum
1539 2568 1818 2628 mutatione,
1853 2564 1928 2616 sed
1953 2584 2008 2613 ex
2035 2564 2278 2619 succeffivis

477 2640 561 2689 diei
591 2649 637 2690 ὃς
655 2647 795 2691 nostis
820 2645 1070 2693 immutatis
1101 2641 1302 2692 crafibus.
1372 2639 1546 2692 Etsicut
1563 2643 1611 2688 in
1643 2638 1789 2703 nobis,
1815 2639 2086 2709 reliquisque
2104 2641 2279 2713 sangui-

478 2717 570 2762 neis
597 2716 792 2783 analogis
809 2758 821 2779 ,
842 2716 1135 2784 respirationis
1161 2734 1334 2778 motus,
1355 2714 1511 2764 dilatio
1523 2713 1682 2782 scil.&
1707 2714 1978 2778 constriCtiO,
2002 2717 2279 2784 interpolatis·

479 2789 736 2857 impulsibus
752 2808 993 2858 promovet
1007 2790 1124 2856 chyli
1140 2797 1188 2838 ὃς
1202 2790 1401 2838 aliorum
1415 2788 1647 2837 succorum
1662 2807 1843 2839 motum
1857 2807 1936 2857 per
1951 2789 2092 2839 lastea
2110 2798 2158 2840 &
2173 2810 2276 2843 con-

476 2862 637 2912 limilia
650 2865 755 2917 vasa
771 2897 781 2932 3
818 2869 878 2915 ita
892 2884 946 2913 ex
958 2864 1238 2914 trachearum
1251 2863 1527 2925 dilatatione,
1544 2866 1659 2912 intus
1674 2881 1877 2932 turgente
1894 2882 2010 2927 aere,
2038 2864 2279 2918 necessario

478 2955 688 3004 urgentur
706 2943 954 3007 interceptae
968 2938 1123 3006 ligneae
1134 2936 1270 2999 fibrae,
1298 2943 1344 2985 δι
1361 2935 1659 2986 horizontales
1683 2936 1979 2987 utriculorum
1994 2939 2275 3011 appendices,

480 3016 526 3059 δι
542 3014 602 3059 ita
614 3012 906 3079 probabiliter
919 3012 969 3062 fit
983 3016 1179 3063 contenti
1201 3011 1315 3062 succi
1329 3013 1540 3080 expreffio
1557 3015 1603 3059 in
1621 3015 1849 3081 contiguas
1863 3017 2274 3082 partes3remittente

489 3086 599 3133 vero
612 3105 808 3149 tumore,
825 3088 1012 3136 laxiores
1028 3087 1187 3137 redditi
1217 3087 1427 3150 utriculi,
1463 3094 1509 3136 δι
1526 3085 1678 3135 fistulae
1705 3086 1878 3158 ligneae,
1904 3085 2072 3136 facilius
2098 3106 2272 3137 novum

494 3156 731 3207 admittunt
748 3161 1019 3229 humorem3
1053 3162 1174 3210 unde
1200 3165 1336 3210 etiam
1352 3165 1398 3208 in
1411 3162 1538 3230 lignis
1554 3159 1668 3228 ipsis,
1693 3164 1783 3230 igni
1798 3160 2017 3230 appositis,
2034 3180 2272 3214 exeuntem

496 3239 672 3301 copiose
699 3240 938 3289 humorem
967 3241 1024 3289 ab
1038 3243 1245 3290 extremis
1261 3239 1511 3290 fistularum
1533 3239 1714 3290 orificiis
1730 3244 1885 3310 paffim
1897 3239 2115 3290 videmus.

560 3313 606 3356 In
622 3310 859 3365 herbarum
882 3316 1186 3383 arborumque
1221 3333 1456 3382 compage,
1482 3314 1596 3363 ultra
1625 3317 1818 3365 tracheas
1847 3321 1895 3363 δι
1912 3312 2075 3363 fistulas
2091 3355 2104 3376 ,
2136 3332 2271 3380 pecu-

496 3382 603 3432 liare
618 3383 846 3436 vasculum
861 3390 1086 3439 interdum
1099 3389 1365 3458 deprehendi
1377 3389 1588 3450 diximus,
1601 3389 1908 3451 terebinthina,
1921 3390 2112 3455 gummi,
2124 3402 2266 3452 quan-

491 3458 640 3528 doque
658 3477 863 3509 concreto
879 3468 925 3509 ὃς
938 3467 1120 3531 proprio
1144 3461 1353 3517 refertum
1367 3462 1511 3525 succ0,
1533 3469 1580 3512 &
1595 3462 1795 3510 humore.
1862 3464 2003 3524 Hujus
2026 3458 2191 3526 indago
2205 3457 2267 3509 fe-

269 3540 317 3585 T
322 3559 396 3587 AB.
415 3560 459 3597 7.
495 3532 634 3582 liciter
647 3531 834 3582 succedit
852 3535 895 3579 in
923 3535 1025 3584 ebulo
1058 3555 1117 3602 30
1133 3569 1146 3603 5
1183 3542 1305 3603 cujus
1322 3535 1741 3605 segmentum,ultra
1762 3534 2009 3600 lignearum
2021 3529 2268 3583 fistularum

2138 3625 2264 3656 COI‘O·
