2638 3926
831 185 921 244 De
949 184 1199 243 Sentinum
1227 182 1285 238 V
1279 188 1555 264 egetatione.

247 323 472 399 craffior,
517 329 566 383 &
584 319 867 402 oblongior
881 317 1130 393 reddituS,
1172 337 1240 375 ex
1262 314 1388 375 albo
1413 314 1628 374 virescit.
1713 316 1960 398 Appensa
1983 316 2049 376 se*

245 409 452 471 minalia
479 406 604 466 folia
628 405 681 465 L
703 402 876 464 mollia
895 425 1154 486 gemmam
1177 399 1347 460 sensim
1369 399 1593 460 hiantem
1628 397 1724 474 M,
1766 401 1937 460 adhuc
1970 399 2050 461 fo-

246 510 388 553 vent.
471 488 719 550 Truncus
743 510 863 549 cum
883 490 1189 548 continuata
1211 483 1399 560 radice,
1427 483 1491 543 de
1516 506 1676 556 more,
1712 482 2052 543 utriculorum

245 575 460 637 seriebus
476 626 494 649 ,
548 580 602 635 &
639 571 921 633 fistularum
935 620 953 642 ,
1010 569 1438 651 trachearumque
1476 565 1717 627 fasciculis
1764 567 1829 626 N
1872 584 2054 650 turget.

246 659 411 719 Circa
461 657 741 741 septimam,
790 655 1059 737 procerior
1080 651 1284 713 reddita
1304 652 1501 735 planta,
1546 649 1836 711 tortuosam
1865 654 2056 711 emittit

245 743 473 805 radicem
496 744 559 817 O,
602 741 632 799 ὲ
659 763 761 821 qua
792 735 1129 798 radicularum
1151 737 1528 812 inchoamenta,
1569 742 1622 797 &
1650 735 1737 818 pili
1759 755 2053 818 erumpunt.

248 825 429 888 Caulis
450 830 502 886 in
524 823 765 903 superiori
792 838 938 903 parte
959 819 1213 882 subluteus
1235 821 1323 897 est,
1365 826 1421 882 ὃ(
1440 818 1611 881 senslm
1636 818 1870 881 firbalbus
1892 818 2058 880 reddi-

250 930 346 971 tur.
437 906 658 966 Gemina
681 904 900 988 appensa
926 903 1169 966 seminalia
1193 905 1332 983 folia,
1373 928 1483 966 non
1498 904 1689 989 parum
1713 903 1944 979 adauEta,
1983 902 2060 963 lu-

248 986 2060 1159 3315?ssssssffifissss‘ffi}aessgrgssrpgffiffigefififfffiissg

249 1167 303 1221 8(
317 1157 548 1220 medullae
576 1157 623 1216 P
651 1156 992 1218 utriculorum
1004 1157 1221 1218 ordines·
1306 1155 1487 1215 Caulis
1510 1161 1805 1216 extremitas
1830 1161 1883 1215 in
1909 1160 2063 1238 gemi-

250 1268 319 1305 na
360 1242 485 1303 folia
512 1239 703 1302 stabilia
732 1240 1033 1322 Qlaxatur,
1075 1264 1192 1325 quae
1217 1239 1357 1301 elatis
1386 1238 1607 1316 costuliS,
1648 1246 1701 1300 ὅ(
1728 1239 1952 1300 utriculis
1983 1258 2063 1299 tu-

252 1346 405 1389 ment.
491 1324 555 1386 N
561 1326 666 1386 ona
704 1325 965 1410 completa
998 1326 1078 1386 die
1114 1324 1301 1386 sursum
1339 1329 1561 1407 erumpit
1589 1323 1760 1400 caulis,
1802 1322 2065 1384 deorsum-

253 1436 354 1495 que
375 1408 582 1472 revulsae
608 1408 904 1487 secundinae,
944 1409 1208 1470 tabefactae
1234 1406 1517 1480 subfident3
1559 1409 1632 1468 ita
1655 1431 1715 1467 ut
1743 1408 1883 1469 nuda
1906 1431 2068 1491 appa-

254 1514 396 1557 reant
438 1493 685 1554 seminalia
719 1492 843 1552 folia
882 1496 962 1569 R,
1002 1515 1119 1576 quae
1152 1492 1328 1554 mollia
1369 1489 1638 1568 virescunt,
1679 1498 1731 1553 ὅ(
1768 1493 1835 1552 ab
1874 1493 2067 1552 horum

255 1579 399 1639 hiatu
420 1594 684 1659 emergunt
709 1598 925 1658 gemmae
947 1576 1070 1638 folia
1093 1578 1152 1652 S,
1192 1599 1311 1660 quae
1333 1576 1459 1637 olim
1481 1575 1671 1659 crispa3
1713 1574 1885 1637 senfim
1909 1573 2070 1657 expli-

256 1679 467 1734 cantur,
523 1665 577 1719 &
614 1660 765 1718 viridi
800 1659 974 1719 colore
1007 1661 1318 1719 inficiuntur.
1400 1657 1595 1718 Radix
1631 1660 1867 1718 tortuosa
1904 1680 2071 1717 novas

254 1742 474 1819 soboles,
515 1748 568 1803 &
590 1740 725 1825 pilos
749 1737 806 1802 T
823 1745 1024 1804 emittit.
1108 1740 1172 1802 In
1197 1739 1325 1802 seno
1347 1739 1487 1802 caule
1509 1739 1709 1823 copiofi
1732 1739 2070 1804 utriculorum

257 1827 462 1890 ordines
486 1825 545 1884 V
560 1843 781 1909 turgent.

274 1966 278 1972 .
346 1911 474 1971 Post
501 1934 701 1994 paucos
727 1910 850 1987 dies,
890 1908 1136 1995 plantulae
1158 1910 1310 1974 caulis
1329 1910 1563 1996 turgidus
1588 1910 1777 1973 surfiim
1800 1909 2072 1985 attollitur,

259 2002 315 2058 8(
337 1993 583 2057 seminalia
604 1993 731 2056 folia
753 1994 819 2054 X
838 1997 1011 2056 adhuc
1035 1997 1242 2073 haerent,
1283 2019 1475 2079 parum
1499 1997 1673 2070 craffa,
1712 2001 1766 2054 ὃ(
1786 1993 2073 2054 subviridia.

257 2078 410 2142 Folia
456 2079 762 2141 ascendentis
807 2078 960 2142 caulis
1001 2083 1172 2141 virore
1209 2079 1391 2141 suffusa
1405 2130 1423 2155 ,
1488 2076 1664 2140 sensim
1707 2077 2068 2139 extenduntur.

261 2163 459 2226 Radix
480 2166 535 2223 Y
550 2163 782 2248 copiosas
809 2163 1075 2242 radiculaS,
1116 2171 1170 2226 8<
1190 2163 1324 2249 pilos
1346 2167 1611 2248 germinat,
1653 2161 1902 2246 {ectulilue
1925 2161 2077 2221 caulis

263 2247 436 2329 plenus
460 2247 550 2320 est,
589 2253 640 2307 &
665 2247 1004 2310 utriculorum
1023 2248 1289 2309 ordinibus
1306 2248 1530 2320 refertuS,
1572 2245 1837 2328 productis
1854 2245 2078 2306 exterius

263 2328 550 2390 fistularum
567 2327 814 2387 fasciculis
831 2332 920 2402 Z,
962 2334 1052 2409 qui
1072 2332 1128 2387 in
1147 2330 1344 2388 radices
1365 2329 1700 2389 diramantur.

347 2409 513 2472 Circa
541 2408 840 2493 vigesimam
874 2411 1012 2469 diem
1027 2460 1047 2485 ,
1099 2410 1364 2494 completa
1399 2410 1630 2494 plantula
1670 2411 1794 2472 folia
1830 2435 1860 2471 a
1895 2414 2078 2496 patula

265 2495 444 2571 habet,
486 2494 642 2556 viridi
674 2492 893 2555 saturata
915 2493 1114 2570 colore,
1154 2496 1187 2555 ὲ
1210 2517 1437 2579 quorum
1469 2495 1628 2557 axilla
1650 2495 1902 2580 reliquum
1926 2498 2081 2558 caulis

268 2579 301 2639 b
333 2578 424 2641 sub
457 2600 674 2662 gemmae
706 2578 871 2662 specie
914 2577 1188 2641 attollitur.
1273 2579 1548 2641 Seminalia
1582 2580 1710 2641 folia
1747 2604 1775 2639 c
1811 2580 2082 2658 tabefacta,

267 2670 324 2725 &
359 2667 544 2747 rugosa
578 2663 751 2724 adhuc
786 2663 980 2724 haerent
995 2714 1013 2738 ,
1053 2663 1359 2748 nullumque
1395 2663 1502 2726 fere
1546 2668 1822 2726 continent
1862 2665 2083 2727 succum.

265 2747 455 2810 Caulis
484 2747 663 2808 viridis
684 2747 774 2822 est,
813 2754 866 2809 ὃ(
895 2747 1104 2825 soliduS,
1147 2755 1201 2811 ὃ(
1236 2772 1329 2832 per
1367 2748 1582 2833 longum
1617 2748 1772 2811 fedius
1805 2750 2084 2811 fistulolam

271 2834 655 2895 concavitatem
676 2831 712 2890 d
724 2832 962 2893 exhibet:
1009 2832 1244 2894 medullae
1274 2836 1412 2894 enirn
1437 2834 1645 2894 utriculi
1679 2832 1930 2896 tabescere
1960 2837 2081 2894 inci-

271 2921 442 2999 piunt,
481 2921 534 2977 &
553 2916 630 2976 ita
652 2915 817 2978 fistula
831 2936 1135 2978 excavatur.
1199 2915 1333 2977 Post
1356 2916 1559 3001 aliquot
1578 2917 1950 2992 hebdomadas,
1993 2917 2083 2978 ad-

272 3004 428 3060 aunae
461 2999 649 3083 plantae
677 3001 829 3062 caulis
861 3000 1072 3063 solidior
1100 2999 1352 3077 redditur,
1392 3001 1581 3064 coloris
1617 3003 1809 3074 viridiS‚
1850 3022 1971 3061 cum
1997 3025 2083 3062 ru-

273 3082 508 3144 bicundis
535 3085 759 3146 maculis.
832 3084 934 3146 Pili
954 3108 1165 3169 quoque
1196 3086 1403 3148 candidi
1424 3087 1654 3149 exterius
1674 3084 1923 3146 ambiunt.
1987 3084 2084 3147 Su-

273 3190 373 3250 pra
408 3170 693 3229 cicatricem
719 3192 763 3245 e,
821 3170 961 3231 unde
992 3170 1173 3231 inserta
1205 3170 1334 3231 olim
1363 3171 1660 3254 pendebant
1694 3167 1940 3231 seminalia
1977 3169 2084 3250 jam

267 3249 522 3336 collapsa3
563 3254 734 3313 nodus
758 3257 810 3337 f
831 3273 994 3332 extat,
1037 3256 1069 3314 ὲ,
1104 3278 1216 3337 quo
1251 3257 1453 3337 gemina
1479 3252 1601 3314 folia
1640 3252 1832 3314 stabilia
1857 3278 1893 3336 g
1917 3276 2085 3314 erum-

274 3355 439 3418 punt:
487 3334 738 3419 reliquum
761 3362 971 3422 quoque
993 3338 1148 3399 caulis
1166 3336 1204 3398 h
1229 3361 1348 3398 cur-n
1374 3338 1502 3398 binis
1535 3338 1910 3421 emergentibus
1944 3361 2084 3420 gem-

270 3423 369 3479 mis
396 3425 416 3479 i
439 3419 709 3481 attollitur.
783 3422 958 3483 Seaus
980 3422 1136 3484 caulis
1161 3422 1376 3504 figuram
1398 3420 1609 3483 exhibet
1632 3421 1696 3503 lz,
1737 3422 1918 3482 versus
1941 3423 2083 3503 lupe-

278 3505 414 3562 riora
458 3503 712 3565 fistulosus
755 3505 826 3566 est
869 3504 903 3566 l.
986 3506 1209 3569 Radicis
1259 3524 1468 3567 truncus
1512 3504 1815 3589 multiplices
1860 3504 2085 3565 surculos

278 3589 492 3668 promit,
534 3589 567 3647 a
589 3587 774 3671 quibus
787 3610 1019 3653 tumores
1040 3596 1093 3653 in
1110 3589 1378 3672 inaequales
1398 3591 1772 3673 magnitudines
1788 3607 2085 3672 erumpunt,

1217 3673 1275 3734 C
1998 3676 2088 3753 qui
