2638 3926
376 216 448 273 26

1256 207 1347 266 De
1372 199 1550 290 (fallis.

510 341 599 411 est,
641 360 809 418 quem,
853 335 942 396 sub
970 335 1112 417 fungi
1135 337 1308 417 specie,
1350 343 1607 396 intuemur
1630 339 1697 397 ab
1715 341 1935 403 inferiori
1965 339 2075 402 folii
2099 358 2244 425 parte
2265 343 2320 400 in

512 424 723 493 Qercu
766 420 927 502 (15.)
965 437 1322 502 emergentem.
1409 417 1568 477 Brevi
1606 421 1803 482 constat
1853 426 2052 507 petiolo
2091 425 2180 499 A,
2236 426 2321 483 cui

510 506 894 576 coextenditur,
936 501 1174 561 umbellae
1196 500 1364 573 instar,
1407 500 1588 576 latum,
1630 508 1682 561 ὃ(
1700 508 1876 584 gracile
1899 509 2179 591 capitulum
2196 506 2264 584 B,
2288 508 2321 566 a

511 615 619 673 quo
658 587 744 670 pili
794 605 1073 669 erumpunt
1114 584 1442 647 subvitellini:
1484 589 1642 647 unico
1685 589 1822 646 enim
1861 597 2034 652 exorti
2069 593 2321 667 follicu10,

513 679 566 733 in
597 676 844 756 quinque,
887 670 970 730 vel
1006 671 1092 730 sex
1124 670 1430 731 dividuntur
1470 671 1729 731 filamenta
1753 674 1827 732 C:
1868 673 1921 731 in
1953 695 2130 736 centro
2163 677 2323 738 foetus

513 758 754 818 conditus
793 756 855 813 D
893 754 1063 830 alitur,
1105 761 1158 817 8(
1187 753 1279 815 sub
1317 754 1537 816 umbella
1572 754 1741 839 plures
1777 778 1989 840 quoque
2014 757 2230 835 aureliae,
2269 768 2322 824 ὃ(

513 864 711 902 vermes
748 838 958 900 cubant.

597 925 794 985 Parum
819 923 1099 983 abfimilem
1129 920 1354 985 formam
1377 922 1580 984 servant
1602 924 1837 986 nonnulli
1862 943 2115 1002 tumores,
2156 924 2327 987 Gallae

516 1009 766 1094 capillatae
789 1008 925 1083 dieti,
965 1008 1032 1067 ab
1054 1006 1223 1068 iisdem
1251 1007 1385 1069 foliis
1406 1007 1713 1090 assurgentes
1740 1009 1927 1091 (16.);
1968 1014 2057 1094 qui
2089 1011 2121 1071 ὲ
2159 1032 2329 1095 prona

512 1095 622 1156 folii
648 1111 795 1176 parte
818 1092 1120 1174 pendenteS,
1161 1091 1387 1177 superius
1419 1093 1657 1154 rotundo
1691 1094 1833 1176 quasi
1868 1095 2010 1155 labio
2047 1096 2105 1155 A
2140 1118 2328 1158 ornan-

513 1198 615 1255 tur,
659 1177 809 1261 quod
843 1176 1145 1238 umbilicum
1174 1179 1370 1251 ambit,
1413 1177 1559 1258 cujus
1593 1195 1848 1254 centrum,
1887 1183 2155 1240 minimum
2175 1183 2328 1242 inter-

511 1264 639 1324 dum
685 1263 940 1344 assurgens
982 1262 1268 1345 capitulum
1301 1281 1546 1347 occupat.
1633 1262 1733 1323 Ab
1769 1262 1903 1338 hoc,
1960 1285 2128 1325 comae
2158 1264 2329 1341 instar,

512 1348 705 1408 leonini
723 1347 948 1429 pendent
969 1346 1058 1429 pili
1081 1345 1152 1421 B,
1195 1348 1337 1430 quali
1355 1348 1621 1409 holoserici
1640 1348 1977 1410 introreflexi.
2064 1347 2129 1410 In
2145 1367 2329 1411 centro

513 1432 665 1513 hujus
689 1431 933 1513 elegantis
956 1437 1196 1507 tumoriS,
1240 1438 1540 1495 concavitas
1564 1435 1609 1492 C
1632 1433 1772 1494 adest
1797 1455 1898 1515 pro
1919 1433 2135 1494 animali.

598 1516 641 1576 F
643 1514 874 1576 amofiim
908 1515 979 1576 est
1007 1538 1127 1575 uvae
1155 1515 1437 1588 Qiercinae
1470 1538 1630 1600 genus
1646 1567 1663 1592 ,
1720 1538 1833 1599 quo
1868 1516 2050 1576 tenella
2086 1516 2331 1590 Qiercfis

511 1600 653 1673 folia,
696 1603 871 1684 primo
896 1624 1031 1677 vere,
1072 1601 1496 1685 consperguntur,
1537 1607 1590 1662 &
1618 1624 1729 1662 non
1751 1602 1871 1662 raro
1896 1600 1975 1660 ita
2003 1600 2108 1662 hoc
2137 1604 2330 1665 morbo

511 1686 894 1769 deturpantur,-
947 1705 1010 1746 ut
1053 1689 1325 1770 propriam
1366 1690 1612 1747 amittant
1647 1684 1872 1770 speciem.
1962 1683 2043 1746 Et
2079 1691 2332 1770 quoniam

512 1769 808 1850 hujusmodi
842 1769 1131 1846 Gallarum,
1172 1769 1251 1831 seu
1284 1771 1579 1855 pilularum,
1621 1776 1673 1831 &
1712 1789 1982 1833 tumorum
2018 1789 2202 1833 natura
2235 1773 2331 1834 ob-

512 1853 650 1915 scura
676 1855 985 1928 videbatur3
1029 1874 1403 1939 opportunum
1428 1857 1578 1932 duxi,
1622 1879 1730 1919 rem
1755 1856 1823 1917 ab
1845 1877 1959 1917 ovo
1980 1859 2187 1916 rimari:
2238 1879 2336 1918 un·-

513 1940 576 1998 de
606 1939 698 1999 diu
728 1938 953 2001 solicitus
989 1939 1064 2001 fui
1095 1945 1230 2003 circa
1259 1942 1453 2003 horum
1485 1945 1791 2026 primaevam
1822 1943 2233 2024 generationem3
2276 1946 2334 2002 &

514 2028 566 2083 ni
583 2022 748 2098 fallor,
790 2046 903 2083 eam
930 2049 1012 2084 me
1048 2027 1293 2087 invenilse
1328 2047 1476 2110 puto.
1569 2027 1799 2108 Vigente
1837 2029 1988 2107 igitur
2022 2046 2160 2102 vere,
2200 2025 2333 2088 dum

512 2110 685 2191 primo
708 2130 928 2190 gemmae
955 2106 1199 2179 Qiercus
1221 2115 1538 2194 aperiuntur,
1581 2131 1698 2170 uvae
1720 2113 1968 2195 quercinae
1995 2114 2160 2195 prima
2183 2126 2334 2195 patet

512 2192 815 2274 produe’ci03
859 2216 981 2252 nam
1007 2193 1182 2254 laxata
1203 2195 1426 2277 gemma,
1465 2192 1627 2254 futuri
1658 2192 1832 2256 {urculi
1849 2215 1986 2278 apex
2013 2192 2223 2255 tenellus
2239 2195 2331 2255 ad-

515 2277 633 2351 huc,
674 2296 910 2358 vegetare
938 2280 1134 2360 incipit,
1176 2282 1230 2337 ὃς
1266 2278 1459 2360 parurn
1492 2301 1759 2361 emergere.
1849 2277 1913 2337 In
1950 2278 2099 2357 hujus
2127 2276 2330 2354 foliolis,

519 2382 632 2440 quae
669 2360 843 2419 stnfim
879 2361 1145 2441 explicari,
1189 2367 1242 2417 ὃ(
1264 2365 1434 2439 augeri
1460 2363 1747 2440 incipiunt3
1789 2360 2084 2439 patentibus
2117 2360 2330 2421 tantum

521 2443 741 2515 costulis,
782 2446 981 2501 minimi
1014 2460 1245 2500 tumores
1275 2457 1544 2522 apparent,
1592 2441 1624 2499 a
1655 2439 1930 2499 substantia
1966 2439 2075 2501 folii
2099 2447 2329 2522 excitati,

524 2524 625 2581 hoc
650 2523 719 2582 est
742 2523 1085 2582 utriculorum
1117 2522 1351 2598 seriebuS,
1396 2529 1449 2584 ὃ(
1473 2522 1707 2583 costulis:
1749 2523 1825 2582 ita
1847 2542 1906 2583 ut
1940 2522 2228 2610 absumpta,
2273 2534 2328 2593 8<

522 2606 794 2666 immutata
832 2606 1105 2689 multiplici
1144 2606 1255 2668 folii
1297 2604 1570 2667 substantia
1609 2609 1666 2665 in
1726 2606 2018 2687 hujusmodi
2064 2628 2329 2687 tumores3

523 2712 782 2763 mancum,
825 2695 878 2751 ὃ(
904 2690 1203 2751 mutilatum
1226 2690 1475 2749 reddatur
1497 2688 1693 2751 folium.
1778 2690 1843 2751 In
1875 2691 1952 2753 his
1976 2693 2326 2759 enascentibus

521 2773 796 2834 tuberculis
830 2777 1065 2849 cicatrix,
1112 2775 1284 2833 adhuc
1306 2774 1467 2850 hians,
1515 2772 1849 2850 observatur,-
1889 2778 1993 2860 qua
2025 2780 2196 2840 media
2219 2779 2327 2860 jam

522 2858 731 2917 condita
754 2857 866 2917 sunt
890 2857 1185 2917 animalium
1211 2880 1332 2917 ova.
1420 2858 1622 2918 Placuit
1657 2862 1848 2920 interea
1883 2862 2100 2946 figuram
2134 2863 2326 2927 addere

521 2945 834 3024 erumpentis
866 2946 1119 3022 quercinae
1159 2964 1278 3001 uvae
1316 2943 1473 3027 (17.)
1500 2940 1730 3003 Gemma
1760 2948 1934 3028 itaque
1959 2949 2034 3023 A,
2075 2946 2326 3034 elongatis

523 3028 576 3084 in
599 3030 746 3107 apice
768 3024 957 3086 foliolis
978 3025 1029 3083 B
1056 3025 1284 3101 caduciS,
1322 3026 1554 3100 laxatur,
1597 3029 1671 3088 ita
1695 3046 1752 3089 ut
1795 3029 1987 3090 stabilia
2013 3030 2140 3094 folia
2163 3039 2210 3096 C
2234 3035 2324 3096 {ele

524 3109 751 3188 prodant
768 3110 1062 3190 patentibus
1085 3110 1309 3185 costuliS,
1348 3112 1659 3195 complicata
1671 3113 1840 3174 adhuc
1855 3136 2186 3197 permanente
2208 3116 2322 3179 folii

524 3192 793 3251 structura:
848 3198 901 3252 in
921 3198 995 3255 his
1020 3196 1310 3279 frequenter
1329 3214 1559 3259 tumores
1581 3198 1922 3283 utplurimum
1940 3201 2112 3262 ovales
2135 3202 2198 3260 D
2223 3203 2320 3263 ob-

526 3274 803 3349 servantur,
844 3277 956 3356 pilis
980 3279 1229 3363 consperfi
1263 3281 1622 3359 utriculorum,
1664 3282 1809 3343 molli
1831 3286 2103 3368 gracilique
2125 3290 2321 3348 excita-

525 3362 567 3416 ti
587 3360 928 3431 contextura,
970 3368 1022 3421 ὃ(
1046 3370 1291 3446 perpetuo
1319 3366 1486 3426 hiatus
1512 3369 1568 3426 E
1594 3367 1818 3428 vulneris
1843 3371 2020 3430 inflicti
2042 3370 2074 3428 a
2104 3390 2320 3453 parente

526 3443 690 3502 musca
715 3463 954 3525 apparet,-
997 3447 1070 3503 ita
1101 3469 1155 3505 ut
1183 3451 1494 3535 compreffus
1520 3469 1697 3512 tumor
1718 3476 1811 3536 per
1835 3454 2022 3514 vulnus
2046 3454 2316 3518 humorem

526 3527 735 3598 reddat,
776 3534 827 3586 8(
852 3529 1117 3588 interdum
1132 3529 1323 3595 labium
1350 3535 1618 3619 quoddam
1637 3536 1692 3595 F
1707 3538 1980 3610 attollitur,
2002 3560 2113 3620 quo
2130 3541 2316 3601 vulnus

528 3612 934 3672 circumducitur.
1019 3614 1160 3674 Intus
1207 3625 1394 3678 vermis
1432 3623 1704 3694 minimuS,
1745 3622 1828 3680 vel
1867 3643 2033 3682 ovum
2067 3623 2223 3698 latet,
2262 3631 2315 3684 &

2059 3708 2312 3767 conditur.
