2638 3926
779 230 867 288 De
897 228 1181 288 Radicilms
1205 229 1515 292 Plantarum.
2151 263 2221 325 75

371 359 710 423 Consimilem
746 359 1045 420 struituram
1069 359 1490 444 deprehendimus
1514 366 1564 422 in
1590 361 1795 445 hortenfi
1818 368 2087 429 Ranuncu-

286 443 330 505 lo
353 446 556 528 (125.)
585 445 616 503 ὲ.
643 442 786 523 cujus
819 448 1037 505 minimo
1075 449 1243 506 trunci
1281 444 1429 505 nodo
1451 463 1550 505 tres
1584 469 1851 530 emergunt
1873 475 2088 528 gemmae

285 531 360 605 A,
398 528 501 590 suas
524 530 716 611 pariter
743 532 1033 591 emittentes
1056 530 1193 588 albas
1227 529 1476 590 radiculas
1514 528 1578 588 Β.
1664 521 1926 594 Deorsuin
1965 560 2086 619 pen·

284 613 415 674 dulae
457 612 803 696 protuberant
848 613 1094 673 tuberosae
1145 610 1377 671 Radices
1411 618 1472 687 C,
1514 621 1807 676 racematim
1852 619 2083 681 collectae.

285 697 476 758 Varias
512 697 797 759 sortiuntur
839 696 1049 767 formas,
1091 701 1144 756 &
1188 697 1584 780 magnitudineS,
1626 698 1893 784 ligneoque
1925 706 2086 785 cylin‘

282 781 385 844 dro
414 781 635 865 ipsarum
659 800 889 842 centrum
907 801 1207 841 excurrente
1227 787 1278 843 &
1304 781 1528 843 utriculis
1568 784 1878 845 conflantur.

368 865 555 926 Palmae
600 863 788 945 Chrzsti
830 861 1023 925 Radix
1065 863 1259 949 (126.)
1296 872 1405 950 pari
1460 872 1811 952 proportione
1858 890 2078 954 vegetat.

280 948 416 1011 Haec
442 948 635 1011 caulem
675 948 730 1007 A
756 947 786 1006 ὲ.
810 952 979 1008 trunci
1013 949 1163 1011 nodo
1190 950 1400 1029 attollit,
1442 952 1584 1030 cujus
1620 953 1723 1014 bafi
1759 955 1914 1015 haeret
1947 979 2086 1040 gem-

280 1058 366 1097 ma
390 1034 441 1093 B
458 1060 469 1094 ε
512 1056 620 1093 non
657 1031 812 1116 longe
835 1053 1112 1117 erumpunt
1143 1033 1230 1097 sex
1252 1036 1604 1099 vermiculares
1647 1038 1880 1100 Radices
1904 1044 1965 1117 C,
2011 1046 2085 1124 pi-

278 1119 336 1180 lis
365 1115 674 1200 conspersae3
715 1115 923 1179 inferius
965 1123 1093 1180 vero
1122 1121 1312 1202 pendet
1342 1123 1494 1182 tuber
1516 1126 1786 1205 antiquum
1814 1126 1892 1201 D,
1934 1130 2085 1208 quod

277 1202 383 1284 jam
408 1200 717 1263 tabescendo
734 1206 786 1263 in
802 1227 1002 1265 novum
1019 1203 1237 1264 bulbum
1260 1205 1318 1263 E
1337 1205 1649 1264 absumitur:
1692 1208 1774 1265 hic
1788 1210 1839 1265 in
1854 1213 2082 1290 geminas

279 1286 459 1348 definit
483 1285 720 1349 Radices
743 1286 797 1346 F
816 1287 1015 1370 pilosas.
1100 1287 1315 1348 Totum
1350 1287 1644 1348 tuberosum
1681 1310 1873 1371 corpus
1896 1291 2082 1353 fistula-

278 1395 395 1431 rum
438 1371 736 1455 lignearum,
776 1377 829 1432 ὅ(
869 1372 1193 1432 trachearum
1240 1372 1552 1433 contextura
1593 1372 1890 1449 investitum
1947 1380 2084 1437 intus

277 1457 407 1515 vero
430 1455 663 1515 candidis
685 1454 911 1515 utriculis
934 1454 1166 1536 repletur.

363 1539 423 1599 ln
461 1539 715 1597 Anemone
734 1537 933 1620 (127.)
949 1538 1254 1620 appendices
1298 1543 1488 1620 pariter
1523 1558 1709 1600 trunco
1753 1546 2083 1618 continuatae,

278 1620 419 1705 quasi
441 1619 660 1701 ejusdem
686 1619 1033 1680 laciniationes
1071 1622 1322 1682 videntur.
1415 1622 1594 1697 Hujus
1617 1628 1756 1683 varia
1780 1625 1851 1684 est
1886 1631 2083 1708 magni-

281 1705 432 1779 tud0,
473 1710 527 1764 ὃ(
544 1702 760 1787 specie83
805 1707 963 1762 trium
989 1723 1161 1763 autem
1196 1727 1454 1764 annorum
1478 1704 1747 1767 Radicem
1790 1733 1898 1769 non
1933 1711 2081 1770 inele-

274 1805 486 1873 gantem
513 1786 780 1848 delineavi.
863 1786 926 1848 A
954 1785 1244 1850 summitate
1284 1811 1485 1871 gemma
1511 1789 1568 1848 A
1590 1796 1815 1873 erumpit
1838 1792 2083 1875 multipli-

277 1872 423 1934 cibus
462 1871 654 1934 foliolis
696 1889 949 1933 contexta
963 1896 981 1945 3
1041 1873 1294 1954 reliquum
1331 1872 1381 1930 B
1410 1873 1601 1934 coloris
1643 1874 1911 1957 aeruginofi
1950 1878 2082 1958 alpe-

275 1979 413 2034 rum,
452 1963 506 2019 &
528 1956 891 2031 furfuraceum,
932 1954 1225 2040 parumque
1248 1956 1547 2040 depressum,
1571 1956 1812 2018 Radices
1831 1963 2019 2020 emittit
2038 1964 2084 2021 C

276 2039 503 2126 graciles.
595 2040 816 2124 Singulae
846 2058 1066 2101 exaratae
1090 2042 1402 2124 appendices
1417 2046 1569 2101 novis
1594 2039 1893 2102 Radicibus
1918 2047 1971 2103 in
2009 2067 2082 2104 re-

276 2145 483 2188 centem
504 2144 749 2208 vegetant
771 2124 1022 2207 plantam.

362 2206 748 2292 Elegantisfima
771 2230 874 2290 prae
896 2209 1087 2267 caeteris
1109 2206 1182 2264 est
1208 2207 1405 2285 Asteris
1428 2209 1603 2268 Attici
1629 2210 1917 2268 Peruviani
1947 2209 2004 2267 F
2002 2234 2082 2270 ar-

280 2294 464 2371 nefiani
492 2291 685 2352 Radix
708 2292 770 2374 (1
784 2292 904 2372 28.)
927 2288 1064 2350 Haec
1085 2287 1248 2370 lignea
1271 2290 1427 2366 est,&
1450 2293 1926 2374 perpendiculariter
1942 2293 2080 2356 elon-

280 2396 468 2462 gatur3
509 2374 646 2437 unde
682 2373 948 2433 lateraliter
984 2377 1209 2433 minores
1239 2377 1490 2455 germinat
1532 2374 1780 2451 Radices,
1821 2401 1935 2461 quae
1969 2403 2081 2440 non

282 2458 575 2523 admodum
599 2458 739 2518 durae
763 2457 895 2533 sunt,
938 2456 971 2515 ὲ.
993 2454 1178 2538 quibus
1203 2479 1417 2540 gemmae
1443 2463 1760 2542 prominent,
1800 2465 1853 2523 8(
1879 2465 1932 2524 in
1969 2482 2081 2523 tam

283 2544 451 2607 vastas
474 2541 762 2603 excrescunt
785 2540 1119 2624 appendice83
1163 2559 1222 2600 ut
1254 2540 1586 2604 monstruosae
1608 2545 1900 2607 reddantur.
1969 2544 2082 2607 Pla-

285 2634 391 2691 cuit
435 2645 609 2687 autem
652 2625 1010 2710 simpliciorem
1050 2624 1297 2686 delineare
1340 2624 1617 2690 Radicem.
1706 2628 1836 2690 Haec
1859 2631 1890 2690 a
1913 2631 2083 2714 ligneo

285 2711 509 2775 Radicis
539 2729 728 2771 trunco
758 2710 814 2769 A
851 2711 1088 2772 exoriens
1121 2709 1235 2770 hori
1243 2710 1513 2773 zontaliter
1549 2713 1827 2796 produdtas
1859 2739 2085 2797 gemmas

286 2796 340 2856 B
357 2797 475 2858 hinc
497 2794 619 2856 inde
636 2798 918 2878 germinam
956 2794 1284 2858 &interdum
1305 2799 1532 2857 minores
1555 2796 1803 2859 radiculas
1819 2800 1878 2858 C.
1919 2798 2084 2860 Gem-

287 2903 489 2943 marum
526 2878 835 2963 magnitudo
876 2881 1019 2941 varia
1044 2878 1132 2955 est,
1173 2898 1234 2939 ut
1273 2882 1491 2942 intuenti
1525 2901 1702 2965 patet:
1747 2906 1917 2968 prope
1950 2889 2083 2944 enirn

289 2984 537 3027 exortum
571 2963 811 3049 elongata
831 2986 1055 3048 gemma,
1094 2962 1175 3024 seu
1213 2962 1371 3024 altera
1397 2963 1618 3027 Radicis
1640 2990 1883 3051 propago
1907 2969 1968 3025 D
1991 2989 2080 3026 oc-

287 3052 468 3125 currit,
506 3072 618 3131 quae
651 3054 702 3111 in
743 3054 886 3134 apice
924 3047 1162 3111 tuberola
1195 3046 1415 3123 reddita,
1455 3049 1661 3112 latentes
1695 3073 1903 3133 quoque
1944 3074 2082 3134 gem-

289 3157 398 3195 mas
427 3133 477 3193 E
495 3133 720 3196 custodit
734 3160 750 3207 3
792 3139 846 3195 in
868 3134 963 3195 hac
985 3131 1231 3194 foliorum
1258 3151 1489 3210 exortus,
1529 3133 1608 3195 stu
1641 3137 1762 3195 fines
1787 3133 1859 3210 F,
1899 3134 2086 3219 quibus

292 3216 420 3278 olim
455 3239 656 3300 gemma
693 3216 1169 3301 compaginabatur,
1209 3216 1377 3276 adhuc
1408 3217 1683 3302 supersunt,
1725 3223 1776 3279 ὅ(
1802 3217 1839 3278 fi
1861 3243 1952 3303 per
1973 3219 2085 3281 lon-

293 3324 416 3383 gum
450 3302 651 3376 secetur,
696 3302 1017 3363 trachearum
1057 3300 1370 3384 progressum
1398 3302 1450 3360 G
1476 3301 1789 3376 manifestat3
1831 3303 2084 3387 reliquum

295 3387 422 3444 vero
458 3387 603 3448 reffis
631 3384 773 3447 fibris
797 3384 1051 3459 mollibus,
1092 3391 1144 3446 &
1178 3383 1578 3446 transversalium
1621 3388 1956 3448 utriculorum
1997 3409 2083 3449 or-

296 3468 497 3530 dinibus
519 3469 822 3554 completur.
909 3468 1150 3530 Eandem
1185 3469 1483 3530 structuram
1523 3474 1575 3532 in
1596 3491 1835 3533 extremo
1860 3471 2080 3532 Radicis

297 3550 659 3615 observamus:
708 3555 814 3616 haec
860 3557 912 3615 in
941 3552 1316 3615 monstruosam
1338 3554 1552 3616 adau&a
1577 3555 1787 3632 molem,
1830 3573 2085 3636 turgentes

297 3638 414 3701 hinc
447 3636 568 3698 inde
608 3662 831 3721 gemmas
854 3637 919 3699 H
935 3640 1144 3716 emittit,
1190 3661 1410 3723 quarum
1433 3639 1608 3724 aliquae
1628 3639 1675 3716 I,
1715 3660 1978 3701 ramorum
2007 3643 2082 3700 in-

1965 3722 2083 3799 star,

0 1144 22 1205 *2222
4 677 27 1135 :⁴ssv-mffiay-mmvwaew
0 556 23 667 -ῖ-ἕκῐπί
0 538 22 544 ἶ
0 501 20 528 ’Τ
7 452 18 488 w-
6 413 13 420 ·’
