2600 3952
884 205 1194 275 QAnatome
1220 203 1570 274 Plantamm,
2240 228 2277 285 7

393 333 442 378 In
449 349 576 398 grano
587 330 746 378 Turrico
772 334 820 376 δι
837 327 960 375 Indico
981 343 995 372 ι
1012 342 1053 387 5,
1080 325 1239 371 eadem
1253 325 1480 391 structura,
1501 325 1733 396 copiosiori
1748 340 1901 373 tamen
1924 324 2102 372 munifi-

325 407 464 453 centia
475 445 488 467 ,
502 399 702 453 elucescit
716 434 728 468 5
763 401 1031 448 exteriorem
1047 413 1243 463 namque
1257 399 1391 446 caulis
1404 400 1831 461 circumferentiam,
1853 400 2040 468 gemini,
2057 404 2104 444 δε

326 478 600 545 quandoque
627 475 786 543 plureS,
812 469 1122 520 fasciculorum
1156 469 1329 518 ordines
1357 475 1484 539 Aper
1509 474 1695 542 longum
1710 474 1915 543 produffl
1944 490 2106 522 tenent.

327 551 593 601 Consimiles
604 549 767 616 pariter
798 542 987 593 fasciculi
1004 545 1044 590 Β
1059 561 1134 610 per
1151 541 1374 611 reliquum
1409 562 1517 591 areae
1532 545 1849 613 disperguntur,
1877 547 2105 616 irregulari

328 624 406 673 situ
426 624 571 672 locati.
640 618 845 684 Qilibet
870 614 1099 666 fasciculus
1112 615 1361 683 lignearum
1386 615 1632 665 fistularum
1648 621 1679 665 C
1689 625 1892 687 congerie
1918 620 2105 684 constat,

330 696 571 746 &interius
584 711 667 743 tres
682 693 857 762 spitales
883 691 1034 742 fistulae
1049 693 1092 739 D
1108 695 1404 756 continentur,
1430 709 1625 760 quarum
1650 692 1895 759 ampliorE
1917 713 2106 761 quatuor

328 768 578 838 frequenter
590 768 887 838 amplexatur.
952 769 1067 815 Non
1080 765 1213 835 longe
1233 764 1293 814 ab
1307 765 1372 814 his
1385 765 1605 834 peculiare
1617 765 1709 814 hiat
1721 766 1831 816 vasis
1845 785 1893 814 os
1909 770 1955 831 F,
1982 770 2103 836 quod

328 847 564 911 proprium
578 843 722 892 reddit
745 838 948 908 succum3
983 839 1212 908 reliquum
1237 858 1346 889 areae
1361 837 1611 890 fistularum
1636 858 1715 890 ora
1734 839 1924 890 exhibet,v
1992 845 2105 889 Exa-

328 933 446 967 ratos
463 921 612 985 itaque
643 915 811 985 ligneos
827 912 1049 965 fasciculos
1076 916 1189 962 varii
1212 913 1383 962 utriculi
1400 913 1675 976 Gambiunt,
1702 914 1975 983 inaequaliter
2001 933 2107 963 con-

328 988 502 1059 figurati
520 1033 534 1055 ,
578 990 720 1039 lucida
754 992 928 1038 excitati
963 988 1110 1036 tunica
1129 1028 1142 1051 ,
1176 986 1390 1057 succoque
1422 989 1647 1057 diaphano
1681 989 1854 1057 turgidi.
1923 994 1972 1037 In
2005 996 2106 1039 cina-

329 1066 377 1113 νᾶ
392 1066 551 1115 eadem
565 1067 717 1114 mirari
731 1063 849 1127 licet,
877 1062 953 1112 ubi
967 1078 1110 1132 partes
1125 1059 1353 1111 solidiores
1368 1063 1546 1113 redditae
1566 1063 1764 1132 ligneam
1774 1066 1915 1132 magis
1937 1062 2108 1131 sapiunt

329 1155 545 1188 naturam.

5 1270 8 1275 ,
397 1218 559 1262 Parem
574 1216 767 1281 partium
786 1228 1051 1281 compagem
1070 1212 1190 1281 filicis
1221 1209 1357 1261 caulis
1377 1213 1433 1261 16
1448 1212 1643 1280 poffidet.
1709 1215 1851 1278 Hujus
1878 1215 2006 1275 varii,
2032 1231 2106 1261 co-·

3 1278 13 1383 Ξ
331 1286 532 1356 piosique
554 1284 743 1337 fasciculi
762 1285 899 1355 lignei
910 1292 962 1349 A,
983 1285 1147 1354 absque
1172 1285 1326 1335 ordine
1340 1285 1495 1351 situati,
1519 1286 1815 1337 diversimode
1827 1285 2106 1356 configuran-

333 1376 403 1408 tur
419 1401 432 1424 ,
481 1369 528 1411 ὃς
554 1366 600 1411 in
629 1361 784 1410 medio
809 1361 1057 1429 lignearum
1081 1359 1290 1408 fibrarum
1314 1359 1490 1429 spitales
1514 1359 1678 1410 fistulas
1702 1361 1742 1408 [Β
1772 1359 1940 1409 hiantes
1966 1360 2109 1408 custo-

332 1434 459 1484 diunt
479 1455 490 1484 ε
526 1437 776 1487 Fulciuntur
789 1451 953 1498 autem,
966 1441 1015 1484 &
1027 1434 1146 1503 quasi
1159 1433 1385 1503 stipantur,
1397 1435 1687 1483 utriculorum
1703 1434 1931 1482 ordinibus
1957 1437 2000 1497 C,
2028 1442 2108 1501 qui

335 1510 561 1559 interdum
589 1510 722 1578 longe
739 1513 934 1557 minores
967 1507 1064 1556 sunt
1082 1512 1267 1556 exaratis
1291 1507 1533 1555 fistularum
1556 1507 1745 1556 orificiis.
1815 1513 1863 1555 In
1887 1510 2029 1573 palma,
2059 1513 2108 1556 &

335 1585 516 1632 arundine
529 1585 658 1632 Indica
681 1580 768 1631 fere
783 1581 935 1628 similis
947 1578 1199 1627 observatur
1212 1597 1467 1629 contextura
1481 1613 1493 1647 3
1527 1579 1719 1649 dispersis
1732 1585 1854 1629 enim
1868 1579 2031 1630 fibrofis
2045 1577 2108 1628 fa-

334 1654 500 1704 sticulis
522 1653 808 1723 &spiralibus
819 1650 971 1701 fistulis
994 1656 1354 1721 compaginatur,
1382 1653 1677 1702 ambientibus
1697 1654 1797 1703 hinc
1831 1656 1935 1702 inde
1949 1658 2111 1703 utricu:

333 1724 484 1778 lorum
493 1725 692 1778 seriebus.

401 1805 578 1851 Minori
604 1802 705 1852 licet
717 1817 909 1871 partium
936 1817 1118 1870 apparatu
1133 1803 1340 1872 procedat
1366 1807 1542 1854 Natura
1564 1806 1612 1852 in
1637 1804 1824 1853 herbaceis
1848 1799 2113 1871 quibusdam

335 1876 546 1939 caulibus,
563 1880 724 1944 majori
737 1893 890 1924 tamen
916 1879 1060 1940 ordine,
1097 1878 1382 1948 multumque
1406 1883 1615 1948 proximo
1636 1879 1790 1949 ligneae
1819 1879 1996 1931 arborum
2012 1901 2115 1952 por-

335 1952 451 2005 tioni
466 1949 630 2000 incedit
644 1993 659 2016 ,
691 1967 742 2000 ut
769 1952 814 1998 in
828 1951 980 2000 endivia
1004 1953 1224 2000 miramur
1241 1972 1293 2012 17
1312 1984 1324 2021 3
1356 1956 1470 2002 circa
1483 1957 1604 2021 cujus
1627 1957 1896 2002 exteriorem
1920 1973 2048 2004 oram
2062 1954 2118 2002 li-

336 2042 459 2093 gneae
474 2029 697 2093 portiones
709 2031 759 2088 A,
790 2027 839 2073 in
865 2023 1026 2092 quibus
1041 2023 1288 2075 fistularum
1321 2026 1548 2095 spiralium
1574 2045 1652 2076 ora
1679 2030 1948 2096 aperiuntur,
1971 2031 2118 2078 versus

338 2113 544 2146 centrum
556 2097 676 2166 quasi
688 2113 756 2145 tot
773 2097 900 2145 lineae
918 2098 1183 2164 diriguntur,
1196 2105 1243 2146 δι
1261 2099 1365 2146 hinc
1394 2100 1498 2147 inde
1511 2104 1808 2149 minimorum
1831 2100 2121 2149 utriculorum

341 2171 576 2239 gracilibus
602 2170 827 2220 ordinibus
850 2169 1121 2231 ambiuntur,
1152 2173 1212 2219 ita
1235 2188 1285 2219 ut
1322 2172 1600 2220 involucrum
1627 2172 1705 2220 fiat
1726 2171 1919 2219 solidum
1955 2174 2122 2221 &den-

343 2242 456 2294 sum.
519 2247 733 2294 Interiora
745 2247 889 2293 versus
905 2284 918 2306 ,
947 2243 1200 2312 insigniores
1227 2243 1427 2293 locantur
1453 2243 1641 2293 fasciculi
1665 2246 1722 2305 93,
1771 2248 1851 2310 qui
1879 2247 2124 2312 grandiori-

343 2317 424 2368 bus
437 2315 661 2386 spiralibus
673 2318 824 2366 fistulis
839 2320 929 2366 C&
943 2318 1096 2384 ligneis
1110 2316 1229 2364 fibris
1252 2322 1617 2387 compaginantur
1642 2336 1654 2366 ι
1690 2320 1813 2367 Tota
1837 2323 1998 2386 pariter
2024 2339 2125 2371 area

342 2387 516 2440 sacculis
531 2390 601 2439 seu
626 2390 819 2438 utriculis
833 2388 1111 2458 angularibus
1121 2387 1272 2438 lucidis
1285 2394 1510 2439 excitatur.

410 2467 461 2511 In
473 2465 640 2514 Cichorio
659 2467 731 2526 18,
764 2465 929 2532 pariter
942 2466 1055 2510 item
1069 2461 1205 2530 lignei
1219 2459 1408 2512 fasciculi
1426 2471 1479 2528 A,
1505 2464 1786 2535 oblongiores
1803 2467 1977 2530 redditi,
2004 2468 2121 2517 mul-

342 2541 394 2589 tis
412 2535 660 2588 fistularum
684 2537 913 2606 spiralium
940 2536 1115 2587 orificiis
1139 2538 1180 2586 Β
1208 2540 1350 2607 pervii
1383 2536 1498 2604 sunt,
1522 2545 1570 2589 δι
1587 2540 1812 2610 reliquum
1836 2542 2123 2592 utriculonim

346 2612 453 2660 serie
470 2613 502 2659 C
519 2611 722 2681 repletur.

413 2688 629 2735 Acaulium
650 2685 876 2754 indagine,
902 2686 1131 2738 transitum
1154 2685 1366 2737 faciamus
1395 2687 1452 2737 ad
1482 2688 1731 2740 firmiorem
1765 2687 1877 2758 ligni
1903 2690 2124 2759 composi-

351 2759 547 2822 tionem,
571 2762 616 2808 in
640 2761 857 2809 fruticibus
891 2767 940 2810 &
953 2763 1161 2813 Arboribus
1172 2761 1481 2832 detegendam.
1550 2767 1601 2812 ln
1617 2765 1710 2813 rubo
1725 2767 1873 2832 igitur,
1885 2772 2024 2816 &vite
2045 2784 2098 2831 ¹9
2113 2805 2128 2828 ,
2144 2755 2273 2805 TAB·
2292 2770 2338 2819 4·

348 2830 504 2882 avulso
513 2836 693 2897 cortice,
717 2835 861 2900 (cujus
885 2834 1223 2904 descriptionem
1235 2836 1423 2907 superius
1440 2837 1709 2900 habuimus,)
1733 2837 1966 2888 siexterior
1984 2840 2127 2908 super·
2147 2828 2197 2872 &¹
2223 2842 2263 2888 5·

349 2906 466 2957 ficies
488 2907 767 2977 perlongum
779 2912 1072 2974 examinetur,
1095 2917 1268 2961 arCtum
1280 2928 1387 2976 rete,
1400 2930 1455 2960 ex
1488 2911 1700 2961 fibrarum
1716 2910 1924 2962 fasciculis
1950 2916 2127 2964 Aexci-

353 2998 513 3045 tatum,
535 2980 620 3030 sese
633 2980 760 3031 offert
779 3001 790 3030 :
827 2982 1093 3050 Hujusmodi
1109 3002 1258 3034 autem
1276 2983 1425 3033 fistulis
1449 2985 1603 3053 ligneis
1615 2988 1996 3052 compaginantur,
2028 3005 2127 3055 quae

349 3052 474 3126 quasi
485 3055 847 3106 vermicularibus
857 3056 1017 3107 tubulis
1030 3060 1089 3122 Β,
1105 3062 1300 3108 invicem
1314 3057 1549 3121 hiantibus,
1565 3074 1908 3125 componuntur,
1933 3078 2129 3128 quorum

351 3129 589 3198 productio
615 3126 810 3178 flexuosa
840 3129 928 3178 est:
963 3133 1113 3181 Tenui
1141 3132 1338 3180 constant
1365 3130 1641 3196 membrana,
1669 3138 1716 3180 &
1743 3134 1929 3182 exterius
1955 3137 2128 3183 &inte-

353 3203 442 3251 rius
459 3221 538 3271 per
552 3202 877 3272 longitudinem
904 3204 1012 3273 ligni
1031 3221 1274 3253 excurrunt.
1343 3204 1616 3254 Intermediae
1641 3223 1748 3253 areae
1781 3207 1813 3253 C
1836 3206 2124 3257 transversali-

353 3273 434 3324 bus
444 3276 638 3326 utriculis
652 3280 696 3326 D
721 3294 1010 3344 occupantur,
1041 3281 1119 3347 qui
1134 3278 1502 3328 horizontalitera
1515 3284 1675 3328 cortice
1705 3279 1880 3330 dedutsti
1893 3285 1939 3330 in
1954 3282 2128 3331 medul-

354 3349 449 3398 lam
474 3349 684 3400 desinunt.
731 3355 889 3399 Patent
923 3369 1073 3401 autem
1100 3350 1216 3401 sesto
1241 3371 1319 3421 per
1343 3351 1634 3402 transversum
1668 3371 1796 3403 ramo
1819 3353 1891 3404 seu
1922 3357 2127 3426 caudice3

354 3421 607 3491 hujusmodi
632 3429 799 3474 etenim
813 3427 858 3473 in
869 3423 1123 3476 fasciculum
1148 3425 1219 3475 seu
1246 3425 1423 3476 fasciam
1438 3431 1478 3479 E
1503 3426 1738 3492 recolleffi,
1770 3430 1905 3481 veluti
1936 3450 2003 3481 tot
2022 3449 2126 3480 rotae

355 3499 464 3548 radii
481 3497 868 3549 acircumferentia
900 3503 1064 3569 exorti,
1093 3505 1139 3549 in
1173 3500 1422 3550 medullam
1434 3503 1471 3550 F
1477 3501 1600 3571 quasi
1634 3506 1681 3552 in
1713 3523 1846 3555 axem
1861 3507 2126 3577 diriguntur3

357 3589 449 3622 non
461 3588 612 3622 tamen
626 3592 785 3624 omnes
800 3572 942 3641 ipsam
954 3578 1191 3643 attingunt,
1203 3573 1273 3622 sed
1286 3572 1535 3642 frequenter
1553 3577 1801 3629 alternatim
1813 3581 2016 3649 gracilior
2029 3580 2124 3628 sub-

2040 3673 2136 3704 0112
