2638 3926
0 1265 14 1387 l

0 1394 14 1482 l

1061 209 1159 274 De
1197 209 1378 273 Gallis.

370 349 561 410 Parem
585 348 805 426 figuram
828 343 1255 429 deprehendimus
1281 349 1334 404 in
1355 350 1604 429 quercinis
1628 346 1791 408 Gallis
1816 352 1970 433 (49.)
1985 377 2099 437 quae

285 431 536 497 confimili
562 429 799 491 rotundo
835 435 1065 490 excitatae
1084 451 1309 511 corpore
1341 432 1407 504 A,
1449 431 1757 490 continuata
1782 433 1922 514 quali
1945 460 2095 498 coro·

283 518 352 579 na
367 517 418 575 B
438 520 730 598 cinguntur.
817 513 916 576 Ab
940 516 1016 575 his
1042 530 1313 573 contentus
1350 516 1537 573 vermis
1561 517 1610 573 in
1634 515 1857 576 muscam
1878 540 2096 581 conver-

283 603 378 678 suS,
419 621 509 685 per
540 600 806 661 inductum
826 599 1061 657 foramen
1085 600 1129 656 C
1154 594 1291 655 foras
1315 598 1506 657 evolat.

370 686 430 746 In
475 684 835 745 humilioribus
863 680 1064 763 insuper
1096 679 1410 749 Quercubus
1435 682 1498 765 (5
1510 682 1596 762 ο.)
1623 685 1822 768 exiguae
1857 689 2094 768 quaedam

282 768 452 831 Gallae
481 774 780 853 gignuntur,
820 785 1042 845 quarum
1069 762 1296 848 superior
1320 770 1506 850 portio
1524 770 1577 825 A
1596 769 1648 826 in
1672 791 1844 829 aream
1861 774 2094 833 extendi-

283 875 387 930 tur,
430 854 461 912 a
486 852 629 930 cujus
652 867 837 908 centro
859 847 1047 932 papilla
1072 848 1123 907 B
1151 853 1374 913 eminet:
1417 854 1662 912 extremis
1704 873 1875 914 autem
1904 856 2093 917 finibus

280 943 334 999 in
356 954 583 1020 quatuor
616 954 858 992 recurvas
894 934 1224 1016 appendices,
1266 938 1407 1020 quasi
1441 959 1640 998 cornua
1667 940 1729 1014 C,
1772 938 1982 999 desinit:
2025 942 2092 1001 ab

284 1024 378 1084 hac
393 1026 584 1102 paritet
608 1019 718 1078 exit
739 1035 989 1078 contenta
1012 1018 1101 1080 diu
1124 1020 1307 1082 musca.

365 1102 677 1164 Declinante
692 1102 890 1186 insuper
913 1101 1105 1180 aestate,
1146 1107 1404 1164 interdum
1426 1111 1477 1165 in
1500 1107 1717 1178 Quercu
1733 1109 1796 1190 (5
1817 1109 1887 1191 Ι.)
1912 1108 2090 1170 subro-

280 1188 445 1250 tunda
469 1189 698 1249 occurrit
725 1187 881 1248 Galla
904 1188 978 1263 A,
1022 1188 1053 1245 a
1076 1187 1218 1266 cujus
1246 1188 1530 1270 peripheria
1553 1194 1750 1273 exiguae
1770 1192 1978 1252 radiosae
2000 1217 2086 1277 ap-

279 1274 519 1359 pendices
543 1271 611 1347 B,
653 1273 794 1354 quali
823 1294 1095 1331 ramorum
1118 1272 1495 1348 inchoamenta,
1537 1295 1831 1357 erumpunt.
1918 1275 1976 1335 Jn
1997 1278 2090 1338 hu-

277 1360 358 1439 jus
381 1376 563 1417 centro
586 1356 788 1439 insignis
813 1359 1111 1417 concavitas
1138 1356 1294 1432 adest,
1335 1361 1386 1418 in
1410 1380 1513 1440 qua
1536 1358 1749 1442 copiosi
1775 1359 2016 1420 foventur
2031 1384 2090 1421 o-

279 1465 349 1504 va
374 1447 432 1504 C.

366 1527 428 1587 ln
455 1525 675 1598 Qiercu
706 1528 896 1607 pariter
920 1523 1077 1607 (52.)
1101 1527 1234 1584 circa
1271 1525 1428 1585 finem
1467 1525 1774 1610 Septembris
1800 1530 2087 1590 echinatam

279 1611 419 1695 quafi
438 1609 656 1670 Gallam
683 1606 970 1668 observavi.
1062 1608 1159 1668 Ab
1183 1609 1278 1668 hac
1300 1611 1607 1691 appendices
1631 1613 1686 1670 A
1704 1611 1971 1673 subviridis
1998 1637 2087 1675 co-

278 1698 420 1769 loriS,
463 1695 615 1752 variis
636 1693 866 1775 praeditae
898 1694 1092 1773 figuris,
1133 1712 1430 1774 emergunt3
1473 1695 1502 1751 a
1526 1695 1714 1776 quibus
1733 1698 1933 1757 melleus
1951 1700 2086 1779 pene

278 1778 453 1841 succus
478 1775 702 1838 exsudat.
791 1773 851 1835 ln
873 1775 969 1835 hac
992 1772 1115 1835 set‘Jca
1139 1773 1328 1856 plures,
1369 1781 1422 1836 8(
1442 1776 1613 1859 plures
1636 1778 1841 1856 cellulae,
1883 1781 1978 1841 suis
2011 1806 2087 1841 re-

277 1863 424 1925 fertae
450 1861 765 1922 verminibus
793 1859 876 1934 Β,
916 1856 1337 1941 conspiciuntur:
1379 1862 1706 1922 &interdum
1724 1863 1790 1923 ab
1820 1865 1969 1924 extra
1984 1890 2087 1927 no*

277 1968 379 2008 vus
418 1951 611 2008 irruens
649 1947 856 2019 vermiS,
909 1941 1078 2003 Gallae
1115 1947 1472 2028 pericarpium,
1513 1951 1565 2006 &
1593 1948 1840 2007 conditos
1873 1971 2086 2031 quoque

278 2053 479 2094 vermes
493 2049 681 2092 enecat.

362 2116 524 2177 Circa
551 2116 729 2176 eadem
756 2134 999 2198 tempora
1021 2117 1074 2175 in
1108 2115 1289 2177 tenella
1313 2114 1559 2194 Quercus
1584 2116 1812 2200 plantula
1839 2118 1903 2200 (5
1918 2119 1993 2200 3.)
2010 2123 2085 2180 in-

277 2201 356 2262 fra
393 2199 582 2274 ramOS,
621 2205 675 2261 &
705 2219 953 2282 gemmas,
995 2199 1166 2281 plures
1201 2202 1454 2261 echinatas
1483 2201 1663 2260 Gallas
1688 2205 1876 2284 pariter
1907 2201 2080 2264 lustra-

280 2289 351 2343 vi.
435 2283 541 2342 Hae
587 2304 772 2341 curvas
794 2282 1104 2364 appendices
1129 2284 1202 2356 A,
1244 2284 1420 2344 versus
1457 2283 1715 2367 superiora
1765 2286 1993 2363 directas,
2035 2314 2084 2349 e-

280 2371 534 2438 mittunt,
574 2387 690 2446 quae
712 2364 902 2423 rubore
925 2364 1159 2445 quodam
1181 2363 1563 2442 suffimduntur,
1605 2373 1657 2429 8(
1694 2374 1944 2452 temporis
1971 2373 2082 2434 diu-

280 2455 526 2513 turnitate
565 2448 737 2531 ligneae
773 2446 1090 2507 redduntur:
1132 2450 1269 2509 intus
1313 2454 1440 2510 vero
1475 2456 1525 2511 in
1552 2452 1656 2512 bafi
1681 2458 1864 2513 vermis
1902 2458 2080 2517 condi*

281 2557 384 2608 tur,
423 2537 515 2616 qui
531 2531 743 2592 tandem
765 2529 946 2591 muscae
967 2529 1180 2614 speciem
1210 2534 1518 2619 adipiscitur.

365 2618 426 2678 ln
461 2614 720 2676 humiliori
761 2614 978 2687 Qiercu
1009 2617 1164 2700 (54.)
1187 2619 1471 2681 declinante
1509 2620 1694 2698 aestate,
1735 2616 1818 2682 vel
1865 2626 2085 2687 irruente

283 2723 554 2775 autumnO,
595 2699 815 2784 copiosae
833 2723 1047 2784 quoque
1070 2722 1307 2764 emanant
1333 2703 1538 2779 Gallae,
1581 2706 1899 2789 quandoque
1923 2708 1990 2767 ab
2006 2713 2084 2792 ip-

282 2786 329 2847 {a
357 2808 576 2871 gemma,
632 2785 888 2845 interdum
933 2786 963 2844 a
988 2805 1202 2867 gemmae
1231 2787 1335 2848 basi
1369 2790 1444 2864 A,
1487 2790 1614 2851 dum
1654 2790 1826 2850 adhuc
1860 2795 2084 2854 minimae

282 2889 546 2954 vegetant,
573 2875 778 2954 geminis
801 2871 1171 2954 appendicibus
1198 2870 1248 2929 B
1268 2873 1595 2950 attolluntur,
1634 2898 1748 2958 quae
1771 2873 1944 2936 sensim
1969 2896 2075 2934 tur-

285 2975 436 3039 gente
462 2955 630 3015 Gallae
648 2978 870 3039 corpore
891 2956 953 3029 C,
996 2952 1100 3015 fere
1119 2954 1474 3018 obscurantur.
1559 2958 1662 3020 His
1678 2959 1806 3019 sectis
1844 2957 2080 3040 copiosos

284 3045 420 3100 intus
456 3038 522 3098 ali
562 3062 755 3100 vermes
781 3040 842 3098 D
868 3037 1155 3111 observavi,
1199 3044 1287 3124 qui
1303 3042 1472 3103 multo
1517 3042 1783 3122 interjecto
1823 3060 2080 3124 tempore,

284 3125 336 3184 in
358 3122 549 3183 mulcas
569 3123 814 3200 converfi,
855 3123 995 3183 foras
1012 3144 1309 3207 erumpunt.
1396 3126 1574 3188 Variae
1598 3126 1791 3207 infiipcr
1808 3125 2084 3189 Gallarum

285 3208 487 3282 formae,
529 3206 639 3267 casti
679 3230 825 3285 ortae,
867 3206 1043 3291 paffim
1081 3208 1253 3269 obviae
1303 3212 1436 3270 fiunt
1456 3235 1471 3282 3
1512 3231 1628 3292 quae
1672 3209 1868 3271 diversa
1895 3217 2081 3295 pariter

288 3291 581 3353 aemulantes
624 3313 849 3373 corpora
874 3316 887 3363 3
929 3290 996 3351 ab
1046 3291 1214 3352 iisdem
1258 3294 1734 3355 denominationem
1772 3294 2077 3357 sortiuntur:

288 3398 402 3458 quae
426 3377 550 3436 cum
570 3374 709 3458 apud
725 3374 1013 3437 Botanicos
1029 3375 1137 3437 fuse
1163 3377 1459 3453 habeantur,
1507 3379 1682 3440 nostra
1709 3403 1818 3442 non
1835 3401 1983 3464 egent
2006 3385 2076 3440 in-

289 3459 485 3542 dagine.

374 3541 570 3621 FloreS,
614 3545 693 3607 seu
732 3548 867 3605 uteri
903 3541 1201 3607 insectorum
1245 3544 1456 3624 familiae,
1498 3571 1610 3608 non
1659 3547 1832 3609 mellea
1867 3547 2076 3608 tantum

289 3645 473 3712 parant
493 3629 759 3703 alimenta3
802 3629 883 3692 sed
905 3628 973 3690 ad
998 3629 1276 3705 fovendOS,
1316 3631 1617 3717 alendosque
1643 3634 1868 3715 ipsorum
1921 3631 2077 3692 foetus

1137 3714 1188 3778 L
1824 3717 2081 3776 interdum

2166 249 2237 307 37
