2600 3952
299 152 2296 191 *μᾷ-,κμ-

362 226 424 280 30

943 185 1376 245 MARCELLI
1419 179 1890 240 MALPIGHM

313 271 2312 304 —dffl

522 318 692 376 (plantis,
707 311 863 360 eadem
877 301 1199 363 munificentia,
1216 299 1536 367 quotidianum
1550 302 1770 369 contingit
1795 317 1885 348 non
1901 315 2081 350 tantum
2098 319 2317 369 augmen-

522 406 636 448 tum,
652 398 805 432 trunco
828 385 876 426 &
898 378 1032 424 ramis
1057 371 1406 443 supercrescente
1432 374 1585 445 ligneo
1615 375 1881 443 involucro3
1918 375 1991 424 sed
2010 376 2036 424 a
2054 378 2229 426 tenellis
2245 400 2314 430 ra-

520 464 603 509 mis
620 459 726 505 novi
760 450 929 517 fingulo
954 467 1075 497 anno
1089 467 1334 519 erumpunt
1369 449 1553 513 surculi,
1578 467 1775 519 quorum
1811 453 2103 519 anticipatum
2135 454 2314 504 inchoa-

519 544 743 586 mentum,
775 521 899 590 quafi
913 523 1149 591 peculiaris
1165 521 1291 575 foetus
1305 523 1479 586 dicitur,
1483 542 1653 590 gemma,
1667 523 1737 574 seu
1752 529 1894 574 oculus.
1961 528 2107 592 Hujus
2125 526 2314 578 struCtu-

518 619 615 648 ram
631 599 823 668 superius
835 597 1120 647 lustravimus
1149 602 1194 645 in
1211 596 1413 665 pluribus
1437 599 1742 663 vegetantium
1767 597 2016 666 generibus,
2040 618 2236 671 eamque
2250 619 2312 652 te-

513 672 638 722 nello
653 679 702 722 δι
725 675 919 721 minimo
945 671 1130 734 surculo,
1155 673 1180 718 a
1195 688 1290 738 quo
1316 671 1419 718 hinc
1451 669 1554 717 inde
1570 669 1681 718 folia
1707 670 1981 738 squamatim
2003 675 2145 726 locata
2164 695 2313 728 erum-

514 762 643 814 punt,
668 750 874 816 integrari
890 745 1097 810 vidmus3
1132 743 1252 792 unde
1278 740 1441 790 foetum
1468 742 1530 790 sui
1545 746 1716 810 generis
1727 743 1828 807 effe,
1856 746 2116 798 inchoatum
2119 752 2209 819 scil.
2222 750 2312 803 sur-

512 820 669 869 culum
684 825 744 868 ita
761 818 1048 879 custoditum,
1063 835 1111 866 ut
1130 816 1242 865 stato
1260 833 1468 885 tempore
1491 815 1712 867 adolescat
1726 858 1739 879 ,
1771 836 1914 886 partes
1926 824 2237 891 extendantur,
2262 835 2312 878 δε

515 911 635 942 nova
650 894 971 958 progerminet.
1020 894 1077 938 Et
1094 888 1199 938 ficut
1228 893 1275 937 in
1301 894 1434 938 Eruca
1446 892 1644 957 partium
1676 890 1955 959 quarundam
1970 895 2316 967 delineamenta,

516 966 659 1015 adhuc
675 965 829 1028 fluida,
853 963 1033 1013 sacculis
1055 980 1266 1013 contenta
1291 963 1369 1012 diu
1381 979 1550 1030 jacent,
1574 963 1716 1013 donec
1731 967 2044 1033 intercedente,
2071 968 2149 1020 sub
2164 979 2315 1026 aureliae

509 1036 673 1103 forma,
703 1044 869 1108 quiete,
884 1037 1189 1088 manifestiora
1207 1045 1255 1088 δι
1281 1037 1490 1088 solidiora
1513 1056 1771 1107 emergant3
1805 1043 1868 1089 ita
1883 1049 1980 1093 rami
1991 1062 2138 1113 partes
2153 1052 2198 1096 in
2223 1054 2315 1118 pri-

507 1113 711 1176 mordiis,
745 1131 954 1182 gemmae,
988 1112 1111 1180 quafi
1124 1112 1401 1181 compendio
1420 1114 1642 1182 quodam,
1668 1112 1838 1181 insunt3
1876 1121 1924 1164 &
1941 1134 2018 1183 per
2046 1138 2218 1172 annum
2251 1127 2314 1174 ita

510 1187 702 1236 conditae
731 1187 919 1252 latitant,
948 1187 1107 1250 donec,
1136 1188 1372 1238 accedente
1386 1207 1509 1251 vere,
1527 1188 1681 1237 laxatis
1693 1189 1780 1237 viis
1806 1188 2050 1256 ampliores
2065 1194 2244 1245 redditae
2268 1202 2315 1247 in

510 1262 669 1312 surculi
687 1263 876 1331 speciem
890 1263 1199 1313 extendantur.
1269 1267 1427 1328 Qare
1443 1261 1571 1325 folia,
1586 1279 1686 1330 quae
1700 1258 1896 1330 perfecto
1914 1260 2088 1314 surculo
2110 1265 2316 1321 inservire

508 1334 688 1399 debent,
702 1352 996 1404 temporanea
1015 1336 1127 1400 sunt,
1155 1337 1230 1386 vel
1257 1339 1306 1384 in
1320 1336 1519 1385 alienam
1533 1335 1803 1404 degenerant
1817 1334 2034 1402 formam,
2047 1357 2096 1390 ut
2111 1338 2201 1392 fisse
2213 1363 2315 1413 per-

509 1411 727 1459 currendo
753 1429 1042 1478 gemmarum
1082 1427 1323 1479 augmenta
1355 1411 1671 1460 indicavimus.
1741 1415 1858 1475 Qae
1892 1413 2017 1460 enim
2046 1419 2315 1470 exteriorem

508 1500 801 1549 gemmarum
819 1488 1056 1553 regionem
1083 1500 1251 1548 tenent,
1281 1501 1377 1532 non
1408 1486 1584 1534 tantum
1618 1482 1901 1533 interioribus
1925 1491 1974 1534 &
2001 1487 2214 1539 conclusis
2240 1510 2318 1542 cu-

510 1555 700 1608 stodiam
714 1579 902 1628 parant,
936 1557 1011 1609 sed
1028 1576 1260 1609 contentus
1275 1559 1475 1627 ipsorum
1508 1558 1879 1627 reliquorumque
1891 1556 2043 1609 succus
2058 1565 2105 1610 in
2124 1570 2317 1635 propriis

508 1632 703 1682 utriculis
729 1638 1009 1702 excoquitur,
1039 1641 1086 1683 &
1101 1633 1235 1702 longa
1252 1633 1329 1682 illa
1355 1636 1507 1701 quiete
1531 1632 1761 1702 digeritur,
1786 1633 1930 1681 donec
1953 1633 2172 1687 exaltatus
2195 1640 2316 1708 sper-

505 1709 678 1755 matico
695 1706 776 1756 illo
789 1705 958 1776 spiritu,
972 1727 1058 1776 ope
1073 1708 1313 1757 ambientis
1330 1710 1441 1755 'aeris
1456 1711 1505 1754 in
1520 1725 1713 1774 gemmae
1729 1709 1948 1770 carinam,
1978 1708 2202 1761 surculum
2219 1715 2315 1778 scil,

505 1780 722 1830 tenellum
738 1783 989 1846 revehatur,
1005 1799 1053 1831 ut
1069 1781 1333 1830 ulteriorem
1347 1779 1566 1830 foliorum
1582 1782 1923 1848 vegetationem
1949 1784 2110 1831 excitet
2130 1802 2142 1831 t
2181 1787 2315 1838 Unde

500 1851 753 1921 hujusmodi
784 1876 1077 1926 gemmarum
1099 1854 1210 1906 folia
1236 1875 1330 1906 non
1344 1859 1525 1904 unicam
1554 1855 1794 1916 costulam,
1820 1869 1869 1902 ut
1884 1857 1932 1901 in
1945 1854 2173 1907 stabilibus
2198 1857 2316 1912 foliis

499 1924 591 1976 fere
605 1929 779 1998 semper
793 1935 1031 1995 miramur,
1047 1950 1131 1999 per
1154 1930 1359 1981 medium
1384 1930 1653 1999 productam
1665 1928 1883 1998 poffident
1898 1969 1912 1992 ,
1947 1924 2017 1979 sed
2030 1933 2312 2003 multiplices

499 1995 710 2065 fasciculi,
722 2005 748 2052 a
762 2003 853 2052 bafi
869 2004 1151 2074 assurgentes,
1166 2008 1214 2052 in
1231 2006 1435 2073 proprios
1447 1999 1662 2072 appensos
1689 2003 1902 2053 utriculos
1915 2002 2132 2055 defluunt.
2186 2014 2311 2061 Con-

500 2071 728 2122 tabescunt
766 2077 1000 2143 postremo
1032 2076 1189 2124 foliola
1215 2077 1306 2124 haec
1335 2093 1656 2144 gemmarum,
1685 2075 1799 2123 dum
1827 2077 2011 2143 gemina
2034 2081 2112 2125 uni
2141 2080 2312 2133 adstant

499 2144 644 2195 stabili
673 2145 798 2212 folio,
826 2148 1038 2199 exhausto
1052 2154 1149 2217 jam
1163 2154 1387 2199 concocto
1414 2150 1634 2217 humore3
1671 2148 1923 2200 &tandem
1948 2151 2205 2220 concidunt,
2232 2158 2308 2208 vel

499 2221 830 2287 gracilescendo
848 2227 892 2272 in
913 2223 1077 2292 pedioli
1096 2220 1297 2274 formam
1314 2222 1623 2273 absumuntur.

568 2300 756 2347 Naturae
771 2302 935 2367 pariter
952 2300 1188 2348 methodus
1217 2304 1263 2348 in
1290 2298 1588 2367 producendis
1604 2298 1816 2365 stabilibus
1842 2294 1960 2347 foliis
1989 2302 2208 2353 mirabilis
2232 2305 2310 2367 est,

501 2372 658 2420 Primo
672 2374 794 2421 enim
810 2372 978 2421 costula
991 2372 1065 2420 seu
1079 2372 1300 2440 pediolus,
1326 2375 1484 2421 carinae
1498 2371 1651 2433 instar,
1686 2371 1876 2419 humore
1901 2373 2095 2440 turgidus
2109 2394 2213 2426 cum
2227 2397 2308 2448 ap-

502 2444 640 2510 penfis
656 2445 825 2495 fibrulis
843 2444 1150 2496 manifestatur
1164 2487 1177 2509 ,
1203 2446 1229 2494 a
1247 2444 1408 2514 quibus
1430 2444 1726 2514 probabiliter
1753 2444 2031 2495 sacculorum
2059 2447 2134 2498 seu
2147 2453 2306 2502 utricu-

502 2518 654 2567 lorum
667 2518 1025 2570 transversalium
1050 2519 1377 2570 membranulae
1401 2519 1600 2589 pendent
1614 2550 1626 2581 3
1661 2521 1772 2568 utin
1799 2518 2072 2569 animalium
2082 2527 2305 2591 primaeva

503 2588 798 2641 delineatione
828 2593 1097 2644 observatur.
1166 2600 1330 2645 Patent
1355 2611 1511 2644 autem
1544 2593 1735 2644 dedusto
1760 2613 1884 2644 novo
1907 2594 2153 2662 alimento,
2198 2606 2305 2669 quia

494 2666 767 2734 complicata
786 2666 1064 2719 sacculorum
1077 2670 1236 2734 moles,
1251 2669 1525 2720 subintrante
1540 2668 1686 2733 succ0,
1700 2685 1862 2739 turget,
1893 2675 1941 2720 δι
1961 2672 2024 2720 ita
2041 2669 2138 2723 folii
2155 2673 2303 2727 latitu-

495 2737 652 2788 dinem
669 2741 964 2795 &laxitatem
980 2745 1205 2795 conciliat.

562 2819 868 2867 Gemmarum
894 2822 1147 2886 eruptiones
1161 2820 1281 2868 statis
1308 2818 1416 2867 locis
1446 2817 1788 2887 &temporibus
1821 2817 2053 2868 succedunt
2072 2859 2085 2882 ,
2120 2822 2195 2870 ubi
2213 2823 2300 2892 scil,

498 2904 671 2958 turgens
684 2890 832 2940 succus
861 2893 991 2961 copia
1022 2899 1070 2942 &
1086 2908 1296 2941 contento
1312 2891 1463 2959 spiritu
1490 2890 1656 2940 fistulas
1673 2892 1731 2942 ad
1749 2893 1889 2942 latera
1912 2910 2081 2956 curvat,
2112 2900 2159 2943 δι
2174 2912 2298 2953 extra

498 2963 721 3014 derivatur
739 2983 749 3012 :
785 2965 919 3014 Unde
931 2966 986 3015 de
1000 2985 1124 3015 novo
1136 2968 1374 3034 geminatis
1388 2965 1546 3033 ligneis
1561 2964 1698 3028 fibris,
1726 2965 1912 3016 tracheis
1936 2970 1984 3014 &
1997 2967 2183 3016 extensae
2200 2988 2297 3019 me-

501 3036 631 3086 dullae
659 3055 811 3088 cortex
825 3039 999 3088 additur
1017 3081 1030 3103 ,
1063 3041 1088 3088 a
1115 3058 1209 3108 quo
1226 3040 1406 3108 copiosa
1426 3036 1585 3087 foliola
1615 3041 1901 3108 erumpentia
1928 3042 1975 3086 in
1990 3057 2182 3108 gemmae
2197 3061 2297 3092 cor-

500 3111 730 3176 pusculum
762 3113 1105 3181 conglobantur.
1176 3119 1336 3179 Qare
1363 3117 1410 3161 in
1429 3111 1621 3162 novellis
1650 3118 1804 3178 ramiS,
1826 3119 1872 3162 &
1892 3131 2051 3182 parum
2079 3114 2297 3184 elongatis

500 3191 693 3249 gemmis
711 3228 724 3251 ,
757 3204 885 3235 novae
911 3190 1071 3254 pariter
1088 3204 1325 3255 emergunt
1347 3206 1556 3256 gemmae,
1585 3187 1718 3237 molli
1745 3188 1929 3238 cedente
1959 3186 2175 3237 fibrarum
2187 3191 2292 3240 stru-

501 3260 622 3305 Crura
638 3301 650 3321 ,
685 3267 732 3309 δι
745 3265 990 3328 vegetantis
1004 3260 1176 3327 spiritus
1201 3265 1376 3329 impetu
1392 3277 1572 3329 urgente
1587 3292 1598 3327 3
1634 3265 1743 3329 quin
1762 3269 1808 3311 δι
1824 3260 2021 3309 multum
2035 3263 2147 3312 intra
2165 3262 2289 3310 luxu-

508 3333 622 3378 rians
650 3332 794 3382 succus
821 3352 946 3382 extra
970 3333 1079 3382 stata
1098 3352 1322 3402 tempora,
1350 3342 1397 3384 δι’
1417 3338 1661 3403 eruptionis
1686 3335 1786 3384 fitus
1813 3334 2067 3402 frequenter
2087 3353 2289 3402 gemmas

508 3409 702 3456 excitat:
740 3413 807 3456 Sic
826 3414 870 3458 in
883 3410 1149 3459 detruncatis
1178 3414 1332 3474 ramis,
1362 3411 1436 3461 vel
1450 3411 1630 3459 caudice
1646 3411 1753 3479 ips0,
1769 3415 1829 3460 ita
1846 3426 1894 3458 ut
1921 3415 2128 3478 exiguum
2145 3419 2287 3463 trunci

507 3484 532 3528 a
550 3481 695 3530 radice
706 3481 906 3548 assurgat,
921 3484 1188 3552 multiplices
1201 3504 1378 3553 gemme,-²
1391 3504 1645 3553 erumpunt,
1678 3502 1762 3551 que
1779 3487 1825 3531 in
1840 3486 2004 3550 stolones
2020 3478 2286 3535 adolestunt.

508 3554 644 3623 Apud
656 3554 870 3604 nostrates
882 3571 980 3602 mos
993 3555 1072 3618 est,
1092 3575 1141 3607 ut
1167 3557 1370 3609 rosarum
1400 3557 1571 3607 frutices
1598 3555 1696 3625 post
1720 3555 1886 3603 Horum
1910 3553 2192 3616 eruptionem
2207 3550 2282 3599 ab·

2018 3622 2284 3690 scindantur,
