2600 3952
313 161 2307 195 ——-—-—--————-———-—---—-—----——

372 233 441 284 ¹4

887 202 1330 261 MARCELLI
1401 191 1877 252 MALPIGHII

526 332 654 383 causa
672 331 815 380 forsan
838 326 1080 386 continget,
1102 314 1342 380 surculum,
1357 319 1527 386 exiguae
1543 314 1643 364 licet
1668 312 1819 377 molis,
1844 313 2000 384 insigni
2021 315 2199 365 alterius
2230 336 2311 369 na-

528 424 635 454 turae
657 415 812 450 trunco
850 393 1132 443 inoculatum
1157 396 1205 440 δι
1231 389 1435 440 insitione
1460 393 1640 441 unitum
1658 430 1671 452 ,
1698 386 1863 438 fruetus
1895 405 2105 458 promere
2118 391 2312 442 diversos

522 480 547 525 a
573 494 723 525 natura
748 470 926 534 subjesti
953 468 1112 527 trunci,
1140 469 1218 533 qui
1243 467 1395 533 primo
1417 465 1688 515 alimentum
1722 462 1996 534 suppeditat:
2033 466 2160 514 Tota
2184 470 2310 517 enim

520 552 704 596 variatio
720 563 810 591 non
843 547 888 591 in
905 540 1045 590 solam
1076 539 1323 589 fistularum
1338 538 1563 602 formam,
1589 539 1860 607 peculiarem
1887 540 2204 590 admittentem
2217 539 2310 592 suc-

522 637 642 679 cum,
669 617 892 686 longeque
913 613 1135 665 diversum
1150 615 1174 661 a
1190 612 1384 661 cribrato
1402 631 1482 681 per
1509 612 1718 679 subjectas
1735 615 1921 663 caudicis
1947 613 2078 664 fibras
2102 616 2311 681 humore,

517 688 689 739 refundi
705 691 836 740 debet
849 722 861 753 ‚-
899 689 1031 738 sedin
1057 703 1265 735 naturam
1280 684 1409 747 succi,
1436 689 1482 732 in
1496 684 1852 735 transversalibus
1873 688 2073 738 utriculis
2097 694 2310 756 contenti,

515 770 593 833 qui
611 768 781 834 quanto
793 767 1015 833 potentior
1032 761 1110 823 est,
1135 761 1260 809 tanto
1273 757 1429 807 fortius
1450 761 1703 808 coctionem
1717 760 1898 827 perficit.

584 844 700 889 Inter
728 837 848 899 vasa,
876 836 1136 903 plantarum
1161 833 1396 883 thoracem
1425 830 1656 899 replentia,
1688 833 1870 901 insignes
1904 833 2067 885 fistulas
2092 840 2309 907 perpetu&

513 914 682 981 patulas
697 913 896 978 reperiri,
923 909 1179 956 inductione
1209 905 1499 973 collegimu53
1533 905 1609 954 has
1614 908 1785 973 spirales,
1804 909 1830 956 ὲ
1847 910 2185 978 compositione,
2209 915 2307 982 pla-

513 989 602 1035 cuit
634 985 857 1032 interdum
885 987 1083 1034 vocitare
1100 1022 1113 1044 ,
1140 982 1287 1031 verius
1304 981 1650 1028 tamentracheaes
1662 979 1719 1028 ab
1734 980 1893 1031 officio.
1960 985 2119 1035 Multis
2131 987 2189 1035 ab
2204 988 2309 1038 hinc

512 1061 637 1107 annis
651 1059 764 1107 mihi
780 1061 1008 1108 innotuere
1022 1061 1070 1105 in
1086 1055 1261 1125 singulis
1273 1054 1483 1105 arborum
1496 1057 1678 1117 truncis,
1691 1056 1934 1121 cauliculis,
1957 1057 2091 1124 foliis,
2103 1062 2306 1128 floribuS,

509 1129 782 1201 reliquisque
795 1134 1006 1202 partibus,
1031 1130 1194 1200 quibus
1216 1132 1470 1200 vegetantia
1493 1132 1783 1197 integrantur,
1811 1146 1860 1178 ut
1888 1131 2094 1199 signatim
2122 1137 2304 1204 patebit,

511 1210 560 1254 In
574 1206 721 1275 lignea
745 1212 968 1275 portione,
992 1222 1040 1255 ut
1052 1206 1364 1268 indicavimus,
1385 1206 1527 1272 magis
1544 1209 1590 1252 δε
1606 1207 1754 1252 minus
1765 1202 1949 1271 copiosae
1965 1204 2212 1272 luxuriant,
2238 1228 2304 1261 ta-

510 1281 693 1348 lemque
706 1280 1011 1332 nanciscuntur
1026 1279 1234 1342 situm,ut
1248 1278 1467 1347 perpetuo
1480 1278 1732 1346 lignearum
1746 1274 1964 1329 fibrarum
1979 1274 2204 1348 fasciculo,
2224 1303 2304 1336 ve-

508 1351 587 1403 luti
602 1357 780 1424 vagina,
798 1356 1065 1417 ambiantur,
1100 1358 1210 1403 &in
1235 1353 1462 1402 cauliculis
1489 1350 1768 1422 quarundam
1798 1350 2052 1418 plantarum
2067 1395 2081 1418 ,
2106 1357 2302 1409 trachea-

508 1448 611 1477 rum
626 1431 909 1480 collectiones
929 1431 1082 1499 ligneis
1097 1427 1218 1477 fibris
1248 1432 1308 1478 ita
1320 1427 1544 1497 ingeniose
1571 1424 1847 1490 associantur,
1875 1445 1925 1478 ut
1937 1431 2124 1481 Naturae
2137 1434 2301 1501 myste-

508 1509 627 1555 rium
640 1507 881 1558 necessario
896 1507 1039 1558 subsit.

576 1584 721 1630 Cinarae
739 1587 795 1632 28
816 1583 952 1632 caulis
974 1582 1087 1631 mire
1113 1583 1425 1648 componitur3
1458 1580 1572 1627 varii
1597 1579 1723 1626 enim
1748 1575 1962 1627 fibrarum
1977 1575 2304 1635 fasticulicom-

507 1659 769 1723 paginantur
789 1676 799 1704 :
839 1658 1067 1707 Interdum
1085 1654 1247 1722 triplex
1262 1653 1509 1703 fistularum
1525 1651 1779 1720 ligneamm
1805 1651 2012 1702 collectio
2037 1660 2076 1706 A
2097 1662 2302 1726 geminos

505 1729 784 1779 trachearum
805 1733 981 1781 ordines
1003 1732 1044 1778 Β
1068 1731 1289 1795 intercipit
1314 1734 1363 1777 &
1390 1725 1557 1792 ambit3
1591 1725 1868 1794 quandoque
1903 1732 2073 1793 gemini
2106 1733 2301 1784 trachea.

504 1819 605 1852 rum
655 1803 845 1853 fasciculi
879 1811 919 1854 A
948 1807 1135 1852 unicum
1179 1800 1395 1850 fibrarum
1427 1816 1642 1849 acervum
1669 1798 1711 1845 Β
1756 1798 2100 1867 amplexantur,
2145 1810 2194 1855 ει
2226 1823 2301 1855 ut-

532 1892 621 1925 ent.

502 1893 531 1943 g
568 1951 828 2003 Trachearum
856 1949 1234 2019 compositionem
1259 1947 1453 2017 superius
1481 1949 1735 2013 innuimus3
1768 1960 1973 2014 argentea
1998 1967 2201 2022 namque
2233 1955 2300 2005 12-

500 2028 626 2074 mina
639 2029 684 2074 in
703 2026 867 2095 spiram
883 2043 1085 2078 contorta
1109 2024 1304 2075 fistulam
1316 2024 1531 2093 perpetuo
1543 2040 1778 2091 patentem
1795 2025 1957 2073 excitat
1971 2064 1985 2087 ‚
2010 2033 2060 2076 &
2085 2029 2296 2098 squama-

498 2099 582 2145 tim
596 2117 817 2164 contexta,
835 2100 963 2148 tubos
993 2097 1277 2160 &vesiculas,
1291 2097 1530 2167 persimiles
1555 2095 1825 2146 infestorum
1842 2097 2148 2166 pulmonibu8‚
2173 2108 2298 2165 vari&

497 2179 745 2242 componit.
814 2181 871 2225 Et
888 2177 993 2246 ficut
1007 2179 1052 2226 in
1069 2173 1197 2224 nobis
1211 2172 1479 2243 reliquisque
1493 2172 1740 2242 sanguineis
1766 2169 2103 2241 perfectioribus
2115 2180 2297 2232 trachea

499 2250 794 2317 cartilagineis
811 2251 980 2299 annulis
995 2252 1296 2317 componitur,
1322 2252 1403 2316 qui
1419 2246 1684 2316 interpositis
1709 2245 1918 2297 mustulis
1936 2256 1984 2299 &
2003 2251 2297 2304 membrano-

496 2321 546 2369 sis
558 2323 742 2372 nexibus
773 2328 1087 2372 continuantur
1102 2353 1114 2388 3
1147 2321 1350 2371 ubivero
1376 2320 1453 2368 illa
1478 2324 1524 2367 in
1554 2319 1791 2386 pulmones
1810 2319 2001 2385 laxatur,
2022 2326 2294 2376 annulorum

495 2399 760 2446 continuitas
782 2396 976 2459 tollitur,
992 2401 1039 2444 δι
1059 2389 1236 2444 diversae
1253 2395 1500 2441 excitantur
1515 2391 1716 2452 laminae,
1739 2390 1976 2460 taliterque
1989 2411 2209 2446 contextae
2223 2398 2291 2448 lo-

497 2487 666 2532 cantur,
691 2487 740 2518 ut
754 2468 841 2520 sese
857 2473 1052 2520 invicem
1068 2467 1342 2535 squamatim
1375 2464 1642 2534 subingredi,
1672 2467 1930 2528 connivere,
1957 2471 2006 2515 &
2023 2467 2082 2516 ad
2113 2485 2291 2540 tempus

495 2547 614 2592 exeri
631 2545 790 2612 poffint
808 2577 819 2612 3
855 2549 910 2593 ita
925 2547 971 2592 in
988 2542 1150 2612 plantis
1167 2547 1214 2590 δι
1230 2539 1527 2603 insectiS,10oe
1542 2536 1828 2601 annulorum,
1841 2539 2050 2606 spiralem
2063 2541 2289 2596 laminam

494 2619 671 2668 Natura
699 2615 929 2668 fabrefecit
946 2661 959 2683 ,
985 2635 1085 2686 quae
1119 2614 1361 2684 squamosis
1387 2611 1579 2662 frustulis
1614 2616 1852 2680 compasta
1871 2653 1885 2676 ,
1925 2615 2293 2672 constrictionem

492 2697 542 2739 ἃ,
580 2692 890 2741 dilatationem
934 2695 981 2739 in
1007 2687 1347 2740 vehementibus
1386 2686 1562 2736 flexuris
1602 2692 1651 2735 &
1690 2687 2020 2738 curvationibus
2057 2690 2288 2764 arborum,

491 2771 541 2813 δι
572 2768 616 2812 in
640 2765 819 2815 elastico
846 2763 1040 2814 conclusi
1068 2768 1176 2812 aeris
1204 2778 1360 2824 motu,
1386 2764 1481 2830 pati
1509 2759 1666 2829 potest.
1733 2758 1910 2809 Taliter
1935 2767 2131 2814 excitatae
2161 2767 2287 2835 plan-

489 2858 636 2888 tarum
650 2839 852 2902 tracheae,
884 2858 978 2888 non
996 2837 1195 2886 multum
1219 2840 1243 2885 a
1266 2839 1390 2884 reeto
1420 2835 1706 2896 declinanteS,
1736 2834 1762 2882 a
1796 2835 2011 2885 radicibus
2038 2835 2210 2889 sursum
2235 2846 2283 2891 in

487 2929 711 2977 truncum,
741 2913 918 2963 caulem
944 2919 994 2962 &
1026 2929 1174 2960 ramos
1198 2909 1506 2977 disperguntur
1521 2941 1533 2976 5
1568 2910 1616 2955 in
1640 2903 1756 2956 foliis
1770 2909 1881 2958 vero
1897 2925 2103 2974 curvatae,
2132 2916 2180 2962 in
2193 2930 2283 2964 rete

488 2990 551 3037 im
589 2988 792 3036 licantur.

554 3006 785 3110 interdum
814 3065 859 3108 in
888 3058 1138 3109 caudicibus
1178 3056 1450 3126 quibusdam
1474 3074 1564 3104 non
1587 3055 1758 3124 longea
1776 3055 2019 3120 radicibus,
2042 3063 2153 3108 utin
2178 3079 2285 3111 moro,

493 3153 550 3198 29
569 3133 820 3204 frequenter
845 3134 1143 3202 deprehendi,
1167 3136 1406 3188 eminentie
1433 3129 1644 3199 quaedam
1659 3129 1812 3198 ligneae
1840 3130 2122 3199 protuberant
2137 3173 2151 3196 ,
2178 3151 2280 3202 quae

486 3214 656 3273 vaginae
685 3208 815 3257 instar
845 3207 1039 3256 tracheas
1067 3206 1345 3268 custodiunt,
1381 3223 1574 3274 quarum
1598 3208 1746 3253 varius
1774 3203 1837 3254 est
1861 3204 2129 3274 progressus3
2166 3227 2279 3257 unus

488 3282 759 3348 quandoque
776 3281 966 3330 exterius
994 3280 1169 3328 videtur
1197 3295 1372 3326 truncus
1388 3285 1438 3340 A,
1460 3280 1536 3346 qui
1566 3279 1612 3323 in
1638 3276 1786 3343 plures
1815 3275 2032 3325 fistulasOE
2060 3277 2275 3351 solvitur3

489 3372 577 3401 non
604 3356 703 3402 raro
734 3374 810 3421 per
837 3353 1130 3404 transversum
1145 3352 1366 3401 ducuntur
1391 3352 1577 3400 tracheae
1592 3352 1623 3398 C
1634 3382 1645 3417 3
1682 3356 1729 3398 δι
1756 3351 1829 3399 ubi
1857 3369 1912 3399 ex
1940 3352 2278 3419 erumpentibus

490 3427 706 3496 praecipue
734 3431 867 3475 ramis
890 3427 1053 3496 amplae
1080 3430 1342 3495 contingunt
1367 3444 1495 3490 areae,
1527 3424 1602 3474 vel
1630 3424 1784 3491 spatia,
1808 3424 2061 3490 hujusmodi
2091 3425 2273 3475 tracheae

489 3516 841 3568 contorquentur
855 3505 901 3548 in
915 3502 1079 3568 spiram
1092 3504 1136 3549 D
1156 3520 1166 3549 z
1203 3505 1260 3549 Et
1274 3518 1428 3550 tamen
1440 3498 1646 3549 mirabile
1661 3498 1723 3547 est
1737 3518 1828 3548 non
1842 3501 2056 3566 perpetuo
2081 3497 2275 3548 eandem

490 3578 830 3630 inclinationem
879 3580 926 3622 &
952 3575 1407 3624 circumvolutionem
1447 3577 1541 3641 pati
1571 3574 1736 3640 ligneas
1763 3577 1802 3621 E
1840 3570 1999 3632 fibras,
2044 3570 2116 3620 sed
2142 3575 2273 3620 inter-

2162 3645 2271 3693 dum
