2600 3952
363 247 397 298 4
940 205 1367 265 MARCELLI
1411 196 1878 257 MALPIGHII

306 286 2290 324 -sm

524 359 617 391 tur.
660 338 722 387 hae
750 327 1058 396 utplurimum
1089 318 1304 368 mollibus
1321 317 1518 367 utriculis
1547 316 1678 367 succo
1706 317 1886 387 turgidis
1904 317 2209 384 complentur,
2237 325 2304 369 in-

523 384 698 465 terdum
725 400 1029 471 petrificantur
1045 436 1057 457 ‚
1088 401 1135 444 &
1150 391 1272 450 saite?
1299 395 1545 444 excitantur
1561 397 1789 462 portiones
1804 395 1870 442 H.

587 479 844 543 Analogam
873 487 1047 525 exarat?
1071 469 1278 526 struiture
1309 487 1583 538 compagem
1614 465 1938 537 inquibusdam
1966 467 2207 518 Fruticibus
2223 469 2304 519 ob-

522 555 758 609 servamuS,
773 553 819 594 &
834 544 1034 612 precipue
1058 544 1209 592 inruho
1226 562 1273 608 9,
1303 546 1425 608 cujus
1453 545 1571 592 rami
1598 544 1644 589 in
1670 543 1965 609 cylindricam
1981 583 1995 605 ,
2030 544 2302 612 quandoque

519 624 800 690 quadratam,
814 616 1016 668 formam
1043 617 1271 666 inclinant.
1340 619 1403 666 Hi
1414 631 1494 683 per
1510 613 1805 665 transversum
1820 615 1920 667 secti
1937 618 2127 667 craflum
2148 616 2300 686 super-

520 696 750 744 industum
766 693 974 744 exhibent
990 691 1303 755 corticem,qui
1315 691 1506 738 exterius
1524 689 1712 737 cuticula
1726 689 1922 741 ambitur
1938 722 1951 753 3
1982 695 2028 740 in
2039 693 2216 762 reliquo
2229 713 2306 745 au-

520 786 614 818 tem
628 768 836 818 viridibus
852 764 1048 816 utriculis
1069 768 1106 813 A
1118 760 1241 810 varie
1255 760 1540 828 configuratis
1554 765 1840 829 componitur
1859 783 1869 811 :
1889 769 1939 814 In
1948 765 2118 816 horum
2132 770 2305 837 medio,

516 838 733 891 fibrarum
749 842 998 906 lignearum
1024 833 1236 896 fasciculi,
1261 833 1586 883 semilunarem
1610 831 1812 883 formam
1835 839 2095 892 aemulantes
2107 843 2166 905 (B,
2192 862 2303 893 con-

518 917 726 976 tinentur,
753 919 799 960 &
816 913 1088 960 exteriorem
1101 908 1434 975 longitudinem
1449 907 1717 973 pervadunt,
1744 906 2028 980 ipsarumque
2041 934 2122 965 ora
2135 933 2305 983 patent·

517 992 737 1037 Acortice
765 988 959 1048 interim,
986 982 1184 1033 utriculis
1213 983 1475 1044 Aex'citat0‚
1505 979 1702 1046 ejusdem
1735 987 2013 1049 portionesC
2039 993 2192 1039 versus
2207 1012 2306 1042 me-

514 1060 691 1110 dullam
706 1061 991 1128 elongantur,
1010 1056 1154 1107 veluti
1169 1071 1237 1105 tot
1251 1055 1379 1104 lineae
1393 1056 1419 1104 ὲ
1434 1051 1856 1106 circumferentiam
1871 1077 2075 1111 centrum
2086 1063 2209 1122 ἀυᾶς
2224 1097 2238 1129 3
2252 1074 2302 1117 ὃς,

515 1135 626 1182 inter
643 1131 720 1182 has
748 1135 924 1182 corticis
954 1131 1190 1199 productas
1218 1131 1448 1196 portiones
1470 1128 1618 1196 lignea
1649 1127 1881 1181 substantia
1897 1135 1958 1196 D,
1986 1151 2068 1202 quq
2083 1135 2194 1188 secta
2222 1157 2303 1208 Per

515 1205 826 1270 transversum,
843 1204 1131 1274 pyramidem
1145 1202 1365 1266 describit,
1382 1202 1576 1252 locatur.

582 1283 632 1328 In
648 1284 746 1331 Vitis
760 1285 925 1349 pariter
942 1278 1171 1348 segmento
1209 1296 1281 1340 ιο,
1310 1295 1566 1345 paucorum
1592 1276 1696 1326 licet
1710 1277 1949 1343 mensium,
1977 1282 2135 1332 craffus
2150 1303 2302 1336 exten*

514 1353 630 1404 ditur
647 1373 816 1418 cortex,
847 1360 968 1422 cuj-us
983 1353 1161 1403 utriculi
1189 1354 1431 1400 exteriores
1458 1349 1690 1414 exficcati,
1719 1357 1767 1400 &
1796 1353 1954 1416 tabidi,
1978 1357 2306 1423 epidermidem

514 1430 808 1492 constituunt,-
846 1431 1010 1497 reliqui
1034 1432 1071 1476 A
1098 1426 1308 1494 inaequali
1331 1424 1559 1493 pollentes
1580 1422 1727 1475 forma
1744 1465 1757 1489 ‚
1794 1426 2006 1494 amplum
2034 1426 2308 1498 semispheri-

513 1520 619 1550 cum
635 1504 951 1572 amplexantur
981 1500 1200 1553 fibrarum
1227 1497 1492 1549 fasciculum
1508 1501 1566 1562 B,
1597 1516 1677 1567 quq
1692 1498 1915 1549 hiantibus
1931 1500 2113 1552 orificiis
2137 1523 2306 1574 patent,

514 1578 688 1626 Eadem
703 1581 876 1629 corticis
893 1576 1163 1645 compositio
1192 1576 1343 1624 versus
1372 1574 1549 1642 lignum
1562 1575 1839 1642 producitur,
1868 1581 1916 1625 δι
1930 1593 2142 1644 quatuor,
2162 1598 2308 1650 quan-

511 1651 662 1720 doque
688 1653 854 1720 plures,
867 1651 1083 1701 fibrarum
1111 1646 1346 1698 fasciculos
1362 1651 1395 1696 C
1406 1647 1694 1716 amplexatur
1720 1655 1770 1699 &
1787 1649 1936 1719 stipat,
1960 1652 2036 1702 vel
2052 1652 2210 1720 saulis,
2246 1656 2309 1707 ab

510 1723 576 1771 his
590 1727 754 1793 pendet
780 1726 1003 1775 distinctus
1017 1727 1063 1773 in
1077 1724 1231 1773 stirias,
1309 1722 1383 1770 Ab
1396 1721 1481 1771 hac
1516 1724 1692 1771 corticis
1720 1726 1929 1790 congerie
1956 1729 2107 1777 versus
2130 1746 2306 1782 centra-

508 1798 606 1847 lem
636 1800 891 1848 medullam
915 1801 1263 1865 exporriguntur
1292 1796 1609 1863 productiones
1631 1797 1694 1857 D,
1724 1795 1933 1865 oblongis
1961 1801 2159 1849 utriculis
2184 1801 2304 1852 hori-

507 1872 748 1923 zontaljter
762 1872 902 1921 duetis
917 1874 1103 1927 excitate
1120 1912 1134 1934 ‚
1161 1887 1260 1939 que,
1286 1870 1455 1936 lignea-s
1484 1871 1714 1936 portiones
1727 1871 1765 1917 E
1778 1868 1882 1920 hinc
1908 1871 2009 1921 inde
2025 1873 2274 1926 ambientes
2285 1916 2303 1941 ,

509 1945 557 1992 in
580 1946 837 1995 medullam
852 1946 1076 1995 laxantur.

572 2020 702 2068 Tam
714 2022 840 2069 varie
854 2018 1110 2068 excrescunt
1123 2016 1424 2068 utriculorum
1443 2017 1636 2080 ordines,
1649 2017 1809 2086 quibus
1824 2036 1979 2070 cortex
1994 2026 2302 2092 componitur,

508 2110 555 2142 ut
572 2094 617 2139 in
634 2092 856 2160 aliquibus
883 2094 1006 2143 extra
1033 2109 1333 2159 erumpentes,
1361 2090 1667 2139 monstruosos
1680 2093 1858 2158 pariant
1880 2110 2106 2157 tumores5
2144 2095 2225 2146 hos
2252 2101 2301 2146 in

506 2170 583 2230 opio
597 2172 645 2216 &
661 2169 759 2215 ulmo
773 2170 996 2235 praecipue
1017 2187 1031 2217 ι
1049 2187 1064 2218 ι
1102 2169 1337 2216 miramur.
1408 2168 1539 2214 Nam
1556 2167 1601 2213 in
1615 2164 1743 2233 hujus
1774 2166 1946 2216 tenello
1979 2166 2154 2220 surculo
2184 2179 2223 2223 A
2236 2169 2299 2222 st?-

507 2242 554 2286 ni
571 2242 718 2307 exigui
745 2240 1012 2291 attolluntur
1029 2239 1251 2290 tuberculi
1267 2241 1325 2302 Β,
1339 2241 1365 2288 ὲ
1380 2238 1539 2306 quibus
1554 2241 1749 2290 cuticula
1764 2243 1796 2289 C
1817 2242 2103 2311 dirumpitur,
2116 2253 2166 2296 &
2186 2263 2298 2315 pau-

506 2313 640 2360 latim
665 2312 1020 2362 horizontalibus
1056 2313 1356 2362 utriculorum
1380 2311 1607 2362 ordinibus
1635 2317 1679 2362 D
1717 2316 1949 2382 congestus
1973 2317 2139 2370 humor
2162 2340 2299 2373 mon·

507 2383 728 2434 struosum
754 2386 898 2436 reddit
929 2382 1170 2434 surculum.

573 2460 914 2527 Jamindagatis
937 2458 1114 2527 lingulis
1128 2457 1341 2526 partibus,
1373 2457 1530 2526 quibus
1560 2471 1693 2507 cortex
1720 2460 1766 2506 in
1779 2459 1958 2509 diversis
1986 2470 2296 2532 vegetantium

506 2533 739 2598 generibus
755 2537 1045 2601 componitur
1061 2564 1074 2595 3
1111 2530 1176 2581 fas
1190 2532 1269 2596 est,
1300 2550 1348 2582 ut
1360 2531 1594 2599 postremo
1620 2531 1889 2582 structuram
1905 2535 2086 2601 addam,
2113 2557 2201 2608 qua
2215 2559 2296 2609 pe..

507 2607 675 2658 culiare
691 2608 904 2659 vasorum
916 2625 1052 2677 genus
1068 2609 1213 2674 magis
1231 2605 1578 2657 elucescat.Abies
1605 2625 1619 2655 ι
1634 2625 1658 2656 2
1674 2609 1827 2674 itaque
1844 2610 1890 2655 in
1905 2610 2075 2660 tenellis
2089 2617 2295 2684 precipue

505 2683 655 2744 ramis,
672 2682 749 2731 suo
763 2684 927 2751 gaudet
953 2684 1122 2732 cortice
1152 2681 1303 2744 molli,
1332 2698 1416 2729 nec
1444 2679 1644 2729 multum
1673 2682 1863 2730 exterius
1894 2681 2076 2752 aspero,-
2112 2686 2185 2737 hic
2209 2707 2292 2758 per

503 2755 801 2806 transtersum
817 2756 968 2820 sectuS,
999 2756 1298 2805 utriculorum
1326 2753 1450 2803 series
1476 2759 1514 2805 A
1519 2756 1772 2822 precipuaS,
1799 2760 1947 2808 versus
1976 2760 2151 2829 lignum
2175 2766 2292 2817 dire-

503 2833 610 2892 ctas,
624 2827 835 2898 patefacit
847 2861 860 2892 ,-
897 2831 1123 2898 reliquum
1136 2828 1311 2878 diversis
1332 2826 1551 2877 fibrarum
1566 2829 1812 2880 involucris
1825 2832 1866 2878 [Β
1887 2836 2104 2885 excitatur
2123 2853 2135 2882 :
2176 2840 2290 2888 Non

503 2901 638 2971 longe
654 2922 810 2953 tamen
835 2904 894 2953 ab
908 2907 1076 2952 extima
1094 2904 1300 2971 precipue
1326 2905 1528 2970 regione,
1557 2901 1771 2953 vasorum
1795 2924 1877 2955 ora
1906 2909 1939 2954 C
1963 2908 2127 2965 diverl}
2154 2908 2289 2980 figure

503 2994 674 3042 patent,
702 2996 783 3045 que
810 2978 1095 3026 terebmthinam
1118 2972 1319 3026 fundunt.
1389 2979 1483 3031 ch
1510 2974 1712 3026 tubulosa
1742 2977 1854 3042 sunt,
1882 2987 1931 3030 ὃς
1954 2980 2287 3049 gibbofitatibus

506 3055 551 3098 D
594 3049 789 3115 scatent,
826 3058 874 3101 δι
902 3052 1126 3101 interdum
1162 3050 1345 3119 oblique
1371 3051 1502 3099 dusta
1547 3050 1762 3102 conlociis
1789 3054 2168 3109 anastomizantur
2203 3077 2284 3109 va-

506 3125 645 3172 sculis.

570 3197 768 3253 Lustrat?
782 3197 1004 3266 hucusque
1020 3202 1065 3246 in
1077 3203 1210 3250 variis
1221 3199 1526 3267 vegetantibus
1539 3205 1684 3251 corticis
1699 3201 1904 3260 structure
1928 3203 2053 3252 nobis
2069 3206 2281 3265 indicant,

509 3277 625 3321 hunc
657 3270 976 3339 multiplicibus
992 3276 1199 3340 integrari
1226 3275 1477 3342 particulis,
1516 3278 1625 3325 inter
1653 3292 1778 3344 quaS,
1805 3280 1972 3345 primas
1995 3277 2200 3330 obtinere
2214 3284 2281 3329 vi-

507 3342 939 3412 denturfibraeligneae,
967 3364 1048 3413 que
1064 3349 1301 3415 antiquitus
1325 3353 1468 3413 nervi,
1493 3347 1743 3414 filamenta,
1770 3358 1816 3400 &
1841 3353 2048 3417 pestineS,
2076 3355 2279 3421 appella-

507 3413 695 3466 bantur:
737 3422 842 3468 Sunt
855 3437 1009 3469 autem
1020 3420 1221 3470 tubulosa
1253 3441 1444 3491 corpora
1475 3422 1891 3491 subingredientibus
1905 3423 2151 3493 liquoribus
2174 3444 2276 3493 per-

509 3490 601 3549 via,
627 3488 910 3556 ipsarumque
925 3493 1137 3544 structura
1152 3513 1219 3545 tot
1230 3500 1454 3563 quadratis
1471 3497 1641 3547 constat
1668 3498 1942 3567 corporibuS,
1970 3503 2192 3563 concavis,
2205 3504 2273 3550 in·

510 3563 660 3610 vicem
674 3561 904 3611 hiantibus.
970 3567 1086 3618 Vasa
1100 3569 1174 3625 hec
1188 3588 1270 3618 nec
1286 3575 1405 3621 reita
1422 3613 1433 3634 ,
1462 3591 1543 3620 nec
1562 3573 1781 3638 parallela
1796 3574 2038 3632 ducuntur,-
2075 3589 2122 3621 ut
2133 3573 2271 3639 pluri-

2138 3664 2269 3696 mum
