2638 3926
803 199 891 257 De
920 196 1208 258 Radicibus
1235 198 1546 259 Plantarum.

302 334 581 419 Raphano
607 342 658 395 8(
701 333 878 417 Rapis
911 336 1107 417 (141.)
1149 333 1185 392 fi
1215 334 1471 416 praecipue
1499 338 1551 393 in
1580 338 1775 394 cortice
1815 335 2101 401 lustrentur.

296 419 474 480 Plures
511 418 727 478 fasciculi
765 421 822 477 A
844 419 1032 480 sursum
1070 419 1455 501 producuntur,
1497 423 1585 499 qui
1622 418 1846 501 copiosis
1874 424 2100 505 congesti

296 504 484 578 fistulis,
529 507 786 586 proximis
809 504 1114 564 associantur
1138 501 1410 583 manipulis
1430 526 1446 574 ,-
1489 502 1626 560 unde
1647 525 1778 562 areae
1802 502 1852 561 Β
1873 512 2099 568 excitan-

296 608 400 661 tur,
440 611 554 670 quae
601 588 1002 650 transversslium
1044 584 1380 645 utriculorum
1423 584 1634 645 seriebus
1674 590 1718 646 C
1760 609 2098 672 occupantur.

294 672 558 743 Quaelibet
575 673 788 733 ulterius
819 695 934 732 area
958 668 1240 754 gracillimis
1264 668 1423 744 fibris,
1464 672 1517 730 in
1538 668 1793 730 funiculos
1814 674 1954 754 quasi
1976 699 2099 736 con-

292 756 456 839 gestiS,
497 764 548 818 8(
576 758 904 818 reticularitcr
946 753 1220 836 implicitis,
1275 754 1510 838 repletur.
1603 754 1703 815 Ab
1740 755 2099 840 insignioribus

292 845 481 903 etenim
504 841 743 900 fasciculis
768 841 829 896 D
849 838 983 913 hine,
1026 837 1145 898 inde
1168 841 1410 916 minores,
1459 845 1510 901 8(
1536 840 1830 923 graciliores
1848 865 2099 924 promun-

294 944 378 984 tur
410 923 650 1007 manipuli
687 924 756 998 E,
811 925 900 1005 qui
942 925 1171 983 ulteriori
1210 924 1560 1007 implicatione
1596 924 1754 996 facta3
1795 945 1901 986 rete
1948 926 2096 988 effici-

290 1029 388 1070 unt
417 1035 427 1068 :
470 1013 589 1090 quin
616 1013 666 1067 8(
708 1007 1022 1091 angustiores
1048 1007 1225 1068 censeo
1267 1009 1412 1070 reddi
1436 1032 1575 1069 areas
1597 1032 1666 1069 ex
1705 1009 1934 1071 ulteriori
1964 1011 2095 1072 facta

288 1093 669 1176 implicatione:
712 1116 867 1175 quare
902 1115 969 1152 ex
996 1092 1408 1154 horizontalibus
1444 1092 1672 1169 seriebus,
1713 1118 1828 1177 quae
1854 1094 1963 1156 haec
1987 1097 2095 1180 spa·

288 1181 359 1235 tia
385 1195 664 1259 occupant,
705 1185 757 1239 8(
781 1199 846 1239 ex
886 1177 1129 1237 fibrarum
1157 1176 1565 1258 perpendiculari
1599 1202 1774 1258 opere,
1816 1181 1880 1238 fit
1917 1204 2093 1241 exara-

289 1279 400 1320 tum
426 1259 647 1343 superius
676 1280 792 1323 rete.

373 1342 613 1405 Eandem
655 1351 885 1430 partium
922 1370 1230 1431 compagem
1271 1347 1325 1408 in
1371 1346 1625 1431 Raphani
1662 1346 1874 1409 Radice
1897 1349 2094 1432 (142.)

286 1429 776 1512 perpendiculariter
798 1429 940 1506 secia,
983 1430 1255 1491 observare
1293 1431 1419 1491 licet.
1512 1430 1769 1493 Exterius
1808 1432 2095 1494 obducitur

285 1512 426 1594 quasi
450 1532 637 1573 cortex
673 1514 746 1588 A,
787 1512 877 1573 sub
912 1537 1022 1596 quo
1061 1516 1277 1576 tracheae
1315 1514 1684 1598 produffiones
1721 1516 1772 1575 B
1795 1516 2094 1578 custodiun-

285 1616 390 1671 tur,
434 1601 601 1658 varias
621 1595 947 1658 efformantes
973 1621 1131 1674 areaS,
1149 1605 1201 1660 8(
1217 1604 1268 1660 in
1292 1599 1415 1660 folia
1443 1602 1505 1671 C,
1550 1606 1604 1661 8(
1623 1599 1861 1663 Radices
1885 1602 1948 1659 D
1964 1601 2092 1663 deri-

286 1700 493 1741 vantur.
579 1681 639 1742 ln
677 1681 961 1742 summitate
989 1681 1212 1765 spatium
1239 1683 1295 1743 E
1319 1683 1644 1760 efformatur,
1684 1685 1832 1767 quod
1859 1685 2094 1747 medullae

284 1765 516 1826 utriculis
553 1766 811 1849 repletur3
852 1765 1083 1826 ambiens
1121 1770 1247 1828 vero
1285 1767 1543 1848 (exterior
1586 1767 1765 1828 scilicet
1799 1772 1983 1851 portio
2005 1770 2061 1827 F
2060 1773 2089 1852 )

283 1851 522 1926 tracheis,
565 1857 616 1911 8(
654 1850 796 1911 fibris
835 1849 1057 1933 irrigata,
1098 1857 1151 1910 in
1187 1850 1312 1911 folia
1349 1853 1394 1910 C
1426 1850 1661 1925 laxatur3
1706 1869 1881 1913 totum
1915 1872 2092 1915 autem

281 1931 544 2017 Raphani
559 1958 752 2018 corpus
781 1934 1190 1995 horizontalibus
1225 1934 1493 1995 ordinibus
1516 1935 1589 2010 G,
1632 1941 1684 1996 8(
1720 1938 1882 2012 rectis,
1925 1937 2090 1997 molli-

282 2017 480 2102 busque
506 2019 698 2095 fistulis,
740 2042 831 2103 per
851 2017 1443 2102 superequitationemH
1461 2018 1737 2102 implicitiS,
1779 2019 2081 2102 completur.

280 2099 440 2162 Facta
472 2106 663 2186 pariter
700 2103 1017 2163 horizontali
1050 2102 1283 2179 sedtione,
1327 2103 1649 2165 trachearum
1674 2126 1769 2163 ora
1790 2104 1825 2162 Ι
1844 2104 1875 2162 ὲ
1900 2108 2092 2165 cortice

281 2186 347 2268 K
365 2187 548 2248 versus
570 2185 848 2246 medullam
889 2185 1071 2245 situata
1107 2206 1390 2269 apparent:
1431 2187 1590 2269 spatia
1626 2190 1754 2246 vero
1783 2188 2089 2248 horizonta·

282 2266 414 2329 libus
452 2271 789 2330 utriculorum
825 2268 1028 2330 seriebus
1050 2269 1145 2343 M,
1185 2276 1237 2330 8(
1264 2269 1579 2330 detruncatis
1616 2269 1790 2352 ligneis
1829 2270 1973 2331 fibris
2010 2297 2086 2333 re-

282 2354 504 2437 plentur.

369 2437 682 2499 Viventium
709 2438 914 2498 ordines
941 2434 1171 2513 Natura,
1211 2442 1364 2499 variis
1387 2443 1438 2499 in
1467 2438 1773 2524 regionibuS,
1815 2442 1889 2502 ita
1913 2442 2083 2527 dispo-

282 2521 413 2595 filit3
455 2543 512 2583 ut
534 2527 586 2583 in
610 2524 701 2598 his,
742 2529 794 2583 8(
824 2521 915 2582 sibi
951 2542 1184 2605 quaerant
1227 2524 1561 2599 alimoniam3
1602 2531 1655 2586 8(
1678 2524 1715 2584 si
1734 2526 1950 2608 quando
1971 2546 2086 2588 mo-

285 2610 396 2666 veri
439 2627 704 2690 oporteat,
758 2606 1087 2690 divagentur.
1179 2606 1263 2668 Ita
1301 2608 1552 2685 homineS,
1593 2617 1646 2671 8(
1674 2614 1941 2672 innumera
1976 2615 2084 2672 ani-

281 2691 492 2752 malium
516 2715 713 2774 genera,
753 2696 804 2752 in
827 2691 1111 2751 humillima
1134 2695 1262 2752 aeris
1285 2698 1488 2776 regione
1507 2698 1757 2770 viventia,
1797 2695 1944 2779 supra
1985 2715 2086 2756 ter-

283 2798 352 2835 rae
373 2775 687 2859 superficiem
713 2796 977 2860 vagantur.
1065 2775 1226 2838 Pisces
1265 2800 1476 2861 quoque
1509 2778 1823 2863 profundius
1858 2779 2016 2841 locati
2033 2784 2087 2840 in

283 2883 420 2942 aqua
458 2864 728 2934 viditantg
771 2883 891 2921 aves
917 2866 968 2922 in
994 2884 1109 2921 aere
1147 2860 1411 2923 sublimius
1452 2863 1725 2937 habitant3
1767 2870 1820 2925 8(
1855 2864 2084 2947 frequens

283 2947 525 3006 viliorum
548 2946 844 3006 animalium
865 2951 917 3006 8(
941 2942 1244 3006 ὶηίὲέὶοῑυηῑ
1264 2947 1417 3007 turba
1442 2950 1572 3010 terra
1596 2949 1855 3012 conditur.
1917 2949 2082 3020 Quae-

283 3029 406 3088 dam
453 3033 641 3112 pariter
677 3035 920 3103 viventia,
962 3053 1073 3090 non
1112 3031 1260 3091 unica
1305 3051 1549 3093 contenta
1592 3035 1798 3116 regione
1842 3035 2008 3092 varias
2030 3054 2081 3092 a-

281 3132 428 3173 mant
453 3135 467 3182 ς
510 3114 583 3173 ita
606 3135 664 3175 ut
686 3140 751 3175 ex
769 3138 900 3189 aere,
915 3119 965 3175 8(
989 3137 1144 3196 aqua,
1189 3119 1308 3175 vitae
1322 3116 1568 3176 elementa
1590 3120 1887 3199 percipiant.
1930 3116 2083 3177 Plan-

282 3216 453 3257 tarum
481 3200 634 3279 igitur
669 3222 825 3280 genus
860 3217 1014 3259 motu
1045 3199 1308 3273 orbatum,
1350 3201 1481 3261 adeo
1525 3199 1700 3260 stabile
1735 3202 1914 3284 figitur
1938 3205 1988 3262 in
2009 3201 2081 3261 fa-

285 3281 479 3356 miliari,
522 3286 571 3343 &
598 3286 759 3342 amica
801 3286 1039 3366 regioneg
1084 3304 1145 3343 ut
1183 3306 1250 3343 ex
1285 3288 1550 3367 proxima,
1591 3282 1784 3370 sibique
1822 3287 2083 3347 ambiente

284 3364 477 3447 sphaera
519 3368 641 3424 vitae
663 3371 715 3426 8(
741 3371 984 3428 ᾱιιᾶίοηίε
1020 3370 1269 3450 principia
1296 3370 1518 3429 hauriat:
1561 3368 1620 3428 ea
1658 3389 1828 3432 tamen
1857 3375 2079 3446 ratione,

283 3467 342 3508 ut
364 3450 526 3530 plures
550 3453 724 3531 exigat
747 3474 894 3523 oras3
935 3453 1070 3512 unde
1110 3451 1212 3511 fere
1247 3451 1438 3535 semper
1465 3456 1517 3513 in
1559 3473 1689 3515 terra
1734 3459 2081 3541 immergitur,

283 3553 470 3591 trunco
493 3537 637 3610 vero,
683 3535 764 3594 vel
801 3536 1009 3595 caudice
1033 3535 1313 3619 assurgens,
1353 3551 1518 3598 aerem
1556 3537 1638 3597 vel
1673 3562 1861 3623 aquam
1887 3539 2081 3598 inhabi-

284 3636 400 3677 tat:
441 3638 759 3702 quapropter
782 3622 973 3681 rationi
1022 3621 1310 3683 consonum
1359 3623 1583 3698 videtur,
1627 3620 1857 3686 Radices
1893 3622 2080 3705 plantis

1195 3703 1256 3766 Y
1936 3706 2082 3767 datas

2171 208 2240 267 81
