2600 3952
882 176 1190 244 QAnatome
1218 173 1567 252 Plantarmn,
2187 209 2262 261 77
2322 168 2325 171 Ι

327 307 417 358 alte
442 323 687 377 penetranS,
719 301 934 362 excurrit3
970 294 1091 343 unde
1103 311 1305 344 externus
1319 297 1481 347 humor
1506 298 1702 365 subjectis
1723 300 1934 360 utriculis,
1972 309 2016 350 &
2033 305 2098 349 in-

328 375 384 424 de
403 376 588 426 condito
613 367 803 440 plantulc¹
818 361 1037 412 seminalis
1049 378 1178 424 cono,
1204 370 1540 414 ⁴communicari
1557 366 1710 435 potest.
1781 373 1828 415 In
1856 371 1970 419 Milio
1991 388 2096 435 312,

329 454 376 496 &
404 434 700 497 consimilibus
739 434 1061 506 leguminibuS,
1098 434 1249 484 semen
1279 439 1464 485 exterius
1489 439 1604 489 osseo
1633 441 1817 489 sublutei
1846 443 2003 492 coloris
2032 446 2099 491 in-

329 517 516 565 volucro
542 521 579 565 A
605 508 841 560 custoditur
859 544 872 566 ,
917 503 1039 569 quod
1081 503 1197 551 intro
1230 502 1447 552 reflexum
1476 508 1520 551 in
1551 509 1591 552 Β
1612 548 1624 568 ,
1657 508 1779 575 quasi
1809 509 1979 573 umbo,
2014 527 2096 558 ter„

328 608 436 657 gum
457 589 678 654 cooperit3
713 578 937 645 reliquum
952 578 1111 643 tegitur
1123 575 1345 623 consimili
1359 594 1562 624 concavo
1588 580 1818 628 involucro
1831 585 1870 630 C.
1889 583 2092 635 Substan„

335 668 394 710 tia
423 659 646 712 secundine
675 651 804 702 fibras
833 649 1028 699 admittit
1045 665 1120 715 per
1146 647 1333 717 longum
1359 648 1536 697 ductas:
1568 650 1656 698 Sub
1682 651 1777 714 hac,
1802 654 1936 703 altera
1950 655 2094 707 succe,

328 735 392 781 dit
421 732 621 781 ambiens
653 725 889 776 substantia
923 721 1105 771 friabilis
1133 723 1278 771 valde.
1343 725 1450 772 Milii
1466 723 1561 786 fiilis
1593 730 1678 792 '313
1710 730 1891 774 exterius
1916 730 2090 778 involu‘

323 825 448 854 crum
477 801 730 861 candidum,
764 806 811 848 δι
837 795 957 865 quasi
983 798 1177 844 vitreum
1193 836 1205 857 ,
1243 813 1297 843 ex
1325 811 1422 842 toto
1448 795 1596 845 flemen
1622 796 1780 860 ambit,
1817 801 1861 846 in
1889 798 1967 846 situ
1983 805 2092 851 ver&

322 879 456 930 avulsi
481 875 636 946 petioli
654 871 820 920 osseum
833 869 954 939 quasi
977 867 1114 925 fistule
1132 866 1428 936 fragmentum
1457 874 1494 921 A
1508 874 1677 919 eminet
1688 870 1978 940 perforatum,
2001 893 2094 943 quo

321 955 377 1002 ad
405 956 612 1002 interiora
629 963 748 1017 patet
769 945 922 995 aditus.

387 1095 501 1144 Intra
515 1090 769 1142 secundinas
780 1087 918 1156 foetus,
932 1085 1018 1136 five
1038 1079 1099 1135 sui
1123 1090 1292 1155 generis
1309 1086 1793 1156 plantula,custoditur,
1829 1096 1875 1138 ὅτ,
1896 1087 2087 1154 fovetur,

322 1172 443 1235 cujus
471 1167 645 1236 elegans
682 1162 874 1231 minusq3
909 1162 1091 1211 obscura
1123 1166 1309 1230 emergit
1336 1162 1495 1230 species
1522 1168 1566 1212 in
1600 1165 1699 1227 heta,
1732 1167 1916 1230 atriplice,
1948 1173 1995 1216 ὃς
2017 1170 2095 1234 spi-

319 1249 456 1305 meeis,
493 1245 539 1290 in
552 1241 709 1311 quibus
740 1257 831 1307 3¹4
849 1236 1096 1304 depressum
1124 1237 1407 1287 involucrum
1436 1243 1473 1288 A
1501 1236 1658 1286 foetum
1676 1237 1888 1300 custodit,
1911 1239 2090 1307 plantu-
2107 1251 2233 1301 TAB‚
2250 1269 2320 1322 53,

318 1314 364 1364 la
390 1318 430 1364 Β
459 1314 652 1384 oblonga
679 1313 821 1382 pollet
853 1311 1013 1372 radice,
1031 1340 1034 1343 -
1051 1309 1241 1377 superius
1264 1327 1413 1359 autem
1428 1310 1685 1358 attolluntur
1699 1314 1878 1378 gemina
1907 1312 2014 1361 solia
2043 1318 2085 1377 C,

318 1390 479 1454 crassa,
525 1404 777 1457 parumque
804 1385 860 1434 ab
894 1388 1089 1432 invicem
1132 1382 1350 1434 distantia.
1420 1387 1695 1451 In.Gittagine
1740 1403 1847 1452 315,
1878 1384 2084 1434 conclusa

316 1463 516 1532 plantula
537 1469 574 1513 A
596 1460 769 1528 insignis
797 1459 859 1508 est
875 1498 888 1520 ,
922 1465 970 1507 &
996 1456 1140 1507 debita
1167 1458 1336 1506 constat
1365 1458 1509 1506 radice
1527 1499 1540 1520 ,
1586 1456 1792 1525 oblongis
1823 1458 2083 1507 luxurianti-

316 1539 396 1585 bus
421 1534 535 1584 foliis
552 1540 596 1597 C,
630 1541 677 1583 δι
696 1536 810 1580 circa
825 1530 1040 1579 inclusum
1054 1534 1349 1597 pericarpium
1364 1530 1508 1581 cubat.
1577 1530 1701 1579 Idem
1730 1530 1840 1598 pene
1853 1535 2003 1580 mirari
2032 1531 2084 1578 li-

312 1625 380 1658 cet
393 1613 439 1656 in
466 1612 622 1672 opuntiae
648 1605 814 1652 semine
835 1604 942 1669 316,
975 1606 1096 1666 cujus
1131 1599 1256 1648 foetus
1271 1603 1388 1650 osseo
1406 1604 1565 1650 nucleo
1593 1610 1630 1652 A
1656 1605 1909 1667 custoditur,
1943 1613 2080 1673 &ge-

313 1684 447 1730 minis
464 1678 633 1728 constat
658 1673 772 1724 foliis
790 1676 847 1737 ss,
876 1680 1193 1740 &erumpente
1208 1673 1352 1721 radice
1367 1677 1407 1722 C.
1476 1678 1527 1721 In
1543 1676 1753 1737 colendum,
1788 1681 1947 1740 colutea,
1976 1682 2081 1726 meli-

311 1758 420 1817 lotto,
454 1752 579 1821 cytist),
604 1765 712 1812 ruta,
742 1748 922 1809 cannabe,
955 1753 1001 1795 &
1028 1746 1168 1814 trifolio
1183 1748 1365 1795 cochleato
1384 1766 1401 1815 3
1421 1766 1491 1810 17,
1522 1748 1725 1815 plantula
1741 1755 1932 1799 occurrit
1948 1783 1960 1818 3
1990 1751 2080 1799 bre„

311 1831 378 1876 vis
408 1831 575 1874 etenim
605 1823 728 1872 radix
755 1826 792 1871 A
811 1820 1036 1868 interdum
1060 1836 1242 1868 curvata
1267 1817 1519 1870 observatur
1536 1861 1548 1883 ,
1582 1818 1707 1890 supra
1732 1841 1870 1891 quam
1896 1828 2080 1892 gemina

309 1897 417 1949 folia
445 1901 484 1951 13
508 1898 626 1960 lata,
651 1903 698 1945 &
725 1893 872 1956 craffa,
913 1889 1166 1961 frequenter
1190 1893 1352 1942 viridia
1378 1893 1608 1963 assurgunt.
1678 1899 1727 1945 In
1756 1900 1942 1965 vesicaria
1973 1903 2080 1967 318,

310 1972 502 2040 plantula}
536 1975 696 2038 pariter
727 1967 878 2035 species
904 1966 1131 2028 elucescit,-
1165 1985 1274 2015 nam
1301 1971 1416 2016 intra
1442 1967 1695 2017 secundinas
1725 1976 1763 2019 A
1785 1971 1973 2039 eleganti
1993 1976 2080 2021 ima-

310 2045 554 2112 plicatione
585 2056 808 2089 coercetur
834 2038 1055 2089 seminalis
1076 2039 1292 2104 plantula,
1323 2042 1471 2088 radice
1498 2045 1537 2086 ΞΒ
1574 2050 1619 2088 &
1652 2048 1841 2108 geminis
1874 2046 2077 2114 oblongis

310 2121 486 2167 munita
516 2113 631 2164 foliis
657 2115 699 2160 C.
767 2110 891 2159 Idem
915 2113 1132 2159 miramur
1162 2113 1207 2156 in
1233 2111 1395 2175 raphano
1434 2130 1540 2178 319,
1582 2118 1702 2179 cujus
1723 2113 1850 2163 foetus
1881 2118 2076 2168 secundi-

309 2195 378 2240 nis
407 2188 591 2238 inclusus
617 2185 756 2236 talem
770 2183 960 2232 exhibet
984 2182 1174 2251 speciem
1202 2186 1257 2233 A
1263 2215 1275 2250 3
1313 2183 1528 2251 explicitis
1553 2202 1704 2233 tamen
1731 2185 1845 2236 foliis
1870 2192 1926 2251 B,
1965 2192 2079 2258 latis,

309 2264 494 2334 speciose
515 2260 708 2332 plantule
736 2255 883 2307 forma
912 2260 1114 2320 occurrit,
1154 2259 1200 2306 in
1226 2262 1346 2324 cujus
1367 2256 1528 2306 foliolis
1555 2257 1705 2316 fibrosg
1726 2261 1885 2318 costulc·
1917 2269 1949 2312 C
1969 2272 2079 2315 emi-

308 2356 430 2387 nent.
498 2341 547 2385 ln
575 2341 653 2402 opio
686 2351 794 2401 320,
826 2330 1025 2398 plantula
1065 2334 1178 2378 intra
1207 2328 1456 2379 secundinas
1481 2334 1750 2400 complicata
1779 2336 1971 2402 locatur,
2006 2361 2082 2390 ex-

306 2412 459 2480 plicita
494 2425 666 2469 tamen,
699 2404 893 2472 oblonga
920 2401 1127 2470 viridiaq3
1160 2400 1364 2471 patefacit
1386 2400 1494 2453 folia
1524 2412 1577 2467 A,
1610 2408 1780 2456 caudici
1813 2417 1859 2459 &
1886 2414 2075 2462 radjcjss

307 2481 514 2553 appensa.
581 2481 802 2541 Pomorum,
829 2482 1016 2543 pirorum,
1038 2475 1203 2544 ferulae,
1230 2475 1468 2544 perfoliatae,
1489 2478 1690 2546 farfarae,
1723 2486 1872 2545 malvae,
1898 2491 2077 2555 amygda„

307 2561 368 2620 lae,
400 2563 447 2606 δι
473 2554 682 2621 cerasorum
712 2569 795 2617 32¹
832 2549 1048 2616 plantula,
1081 2547 1323 2598 obscuriori
1349 2550 1448 2599 licet
1474 2548 1618 2600 forma
1642 2553 1830 2621 polleat,
1862 2557 1983 2608 brevi
2011 2577 2075 2610 ta-

306 2647 414 2679 men
444 2626 598 2676 radicis
616 2641 771 2671 trunco
795 2626 832 2671 A
851 2623 1063 2683 munitur,
1099 2626 1144 2668 &
1171 2625 1350 2689 gemina
1379 2621 1510 2671 crassa
1531 2626 1773 2693 amplaque
1787 2645 1941 2694 patent
1965 2628 2074 2684 folia

311 2702 366 2749 Β.
435 2703 484 2748 In
508 2692 1060 2766 plaerisqueleguminibuS,
1094 2699 1142 2742 δι
1170 2696 1385 2763 praecipue
1400 2699 1446 2744 in
1465 2696 1591 2763 fabis,
1621 2700 1772 2765 lupinis,
1807 2705 1969 2771 &pifis‚
1996 2707 2076 2754 ali-

305 2774 574 2843 quantulum
605 2771 711 2821 latet
740 2768 944 2837 plantulae
973 2764 1118 2816 forma
1156 2787 1244 2836 322
1263 2809 1277 2832 ,
1311 2774 1493 2838 gemina
1523 2775 1720 2837 etenim,
1745 2772 1877 2826 crassa
1907 2784 1954 2827 &
1979 2779 2077 2847 gib-

304 2846 410 2897 bosa
442 2846 547 2896 folia
587 2851 626 2895 A
647 2884 661 2907 ,
710 2860 867 2892 trunco
903 2849 950 2892 &
981 2846 1242 2892 continuatae
1274 2845 1410 2895 radici
1452 2847 1493 2894 Β
1519 2849 1840 2914 appenduntur.
1906 2849 2072 2900 Obscu-

304 2925 396 2970 rior
437 2924 600 2988 pariter
640 2916 846 2985 plantulae
886 2912 1032 2964 forma
1070 2920 1117 2964 in
1153 2919 1259 2967 lauro
1298 2938 1381 2988 323
1429 2915 1706 2984 observatur,-
1744 2941 1851 2972 nam
1892 2925 2072 2994 conglo-

304 2995 405 3045 bata
447 2993 578 3048 bina,
595 2987 702 3041 folia
741 2994 796 3041 A
834 2993 1080 3039 minimum
1129 3008 1332 3041 truncum
1381 2998 1427 3040 &
1467 2992 1662 3044 radicem
1708 2999 1819 3046 intra
1868 2995 1910 3045 se
1960 3018 2067 3049 con-

304 3069 426 3118 dunt.

370 3219 420 3264 In
449 3220 590 3277 tritico,
625 3219 674 3263 ἃ.
698 3218 890 3262 ανεηαεεὶς
921 3214 1093 3264 videtur
1113 3213 1316 3283 plantula
1345 3219 1492 3280 unico,
1525 3215 1698 3284 hocque
1724 3216 1925 3283 obscuro,
1953 3218 2068 3274 folio

301 3287 497 3357 praedita.
565 3289 683 3335 Huic
723 3285 1002 3335 meditationi
1040 3289 1189 3337 lucem
1217 3288 1316 3338 tulit
1355 3289 1574 3338 seminum
1606 3295 1705 3355 pomi
1749 3298 1949 3343 armeniaci
1988 3293 2068 3344 free

303 3381 442 3430 quens
490 3359 730 3427 inspectio3
771 3356 905 3410 semel
933 3366 1056 3411 enim
1087 3362 1223 3412 incidi
1268 3366 1314 3410 in
1353 3360 1617 3413 seminalem
1656 3363 1911 3432 plantulam
1955 3366 2067 3419 folio

303 3434 572 3495 destitutam,
605 3438 652 3482 δε
669 3432 794 3500 hujus
822 3453 1005 3502 gemma
1029 3454 1134 3484 cum
1157 3435 1302 3485 radice
1329 3453 1419 3482 non
1435 3455 1596 3505 parum
1612 3437 1888 3509 luxuriabat,
1911 3442 2063 3492 aderat

1318 3510 1360 3559 C
1381 3528 1403 3558 c
1917 3533 2066 3565 autem
