<?xml version="1.0" encoding="UTF-8"?>
<!DOCTYPE html PUBLIC "-//W3C//DTD XHTML 1.0 Transitional//EN"
    "http://www.w3.org/TR/xhtml1/DTD/xhtml1-transitional.dtd">
<html xmlns="http://www.w3.org/1999/xhtml" xml:lang="en" lang="en">
 <head>
  <title>
</title>
<meta http-equiv="Content-Type" content="text/html;charset=utf-8" />
  <meta name='ocr-system' content='tesseract 3.04.00' />
  <meta name='ocr-capabilities' content='ocr_page ocr_carea ocr_par ocr_line ocrx_word'/>
</head>
<body>
  <div class='ocr_page' id='page_1' title='image "anatomeplantarum00malpuoft_0290.png"; bbox 0 0 2638 3926; ppageno 0'>
   <div class='ocr_carea' id='block_1_1' title="bbox 382 227 459 284">
    <p class='ocr_par' dir='ltr' id='par_1_1' title="bbox 382 227 459 284">
     <span class='ocr_line' id='line_1_1' title="bbox 382 227 459 284; baseline 0 0"><span class='ocrx_word' id='word_1_1' title='bbox 382 227 459 284; x_wconf 84' lang='lat'>24</span> 
     </span>
    </p>
   </div>
   <div class='ocr_carea' id='block_1_2' title="bbox 1252 195 1564 260">
    <p class='ocr_par' dir='ltr' id='par_1_2' title="bbox 1252 195 1564 260">
     <span class='ocr_line' id='line_1_2' title="bbox 1252 195 1564 260; baseline 0 -1"><span class='ocrx_word' id='word_1_2' title='bbox 1252 195 1349 259; x_wconf 75' lang='lat' dir='ltr'>De</span> <span class='ocrx_word' id='word_1_3' title='bbox 1387 199 1564 260; x_wconf 57' lang='lat' dir='ltr'>Gallzhn</span> 
     </span>
    </p>
   </div>
   <div class='ocr_carea' id='block_1_3' title="bbox 516 329 2349 3712">
    <p class='ocr_par' dir='ltr' id='par_1_3' title="bbox 519 329 2341 583">
     <span class='ocr_line' id='line_1_3' title="bbox 519 329 2340 411; baseline 0 -19"><span class='ocrx_word' id='word_1_4' title='bbox 519 338 649 411; x_wconf 62' lang='lat' dir='ltr'>rigui</span> <span class='ocrx_word' id='word_1_5' title='bbox 673 337 723 391; x_wconf 91' lang='lat' dir='ltr'>in</span> <span class='ocrx_word' id='word_1_6' title='bbox 744 354 903 390; x_wconf 86' lang='lat' dir='ltr'>unam</span> <span class='ocrx_word' id='word_1_7' title='bbox 928 329 1268 390; x_wconf 81' lang='lat' dir='ltr'>crassescentes</span> <span class='ocrx_word' id='word_1_8' title='bbox 1292 347 1555 402; x_wconf 87' lang='lat' dir='ltr'>naturam,</span> <span class='ocrx_word' id='word_1_9' title='bbox 1594 336 2104 394; x_wconf 79' lang='lat' dir='ltr'><strong>concamerationem</strong></span> <span class='ocrx_word' id='word_1_10' title='bbox 2121 331 2340 393; x_wconf 75' lang='lat' dir='ltr'>interius</span> 
     </span>
     <span class='ocr_line' id='line_1_4' title="bbox 520 408 2341 495; baseline -0.001 -19"><span class='ocrx_word' id='word_1_11' title='bbox 520 408 770 484; x_wconf 78' lang='lat' dir='ltr'>efficiant;</span> <span class='ocrx_word' id='word_1_12' title='bbox 812 412 996 475; x_wconf 89' lang='lat' dir='ltr'>animal</span> <span class='ocrx_word' id='word_1_13' title='bbox 1018 413 1092 470; x_wconf 77' lang='lat' dir='ltr'>ita</span> <span class='ocrx_word' id='word_1_14' title='bbox 1129 410 1371 486; x_wconf 91' lang='lat' dir='ltr'>custodit,</span> <span class='ocrx_word' id='word_1_15' title='bbox 1411 418 1464 472; x_wconf 78' lang='grc' dir='ltr'>ὃ(</span> <span class='ocrx_word' id='word_1_16' title='bbox 1487 410 1604 482; x_wconf 81' lang='lat' dir='ltr'>alit3</span> <span class='ocrx_word' id='word_1_17' title='bbox 1648 413 1817 474; x_wconf 85' lang='lat' dir='ltr'>donec</span> <span class='ocrx_word' id='word_1_18' title='bbox 1841 422 2090 495; x_wconf 87' lang='lat' dir='ltr'>excitato,</span> <span class='ocrx_word' id='word_1_19' title='bbox 2131 415 2341 478; x_wconf 85' lang='lat' dir='ltr'>velutin</span> 
     </span>
     <span class='ocr_line' id='line_1_5' title="bbox 522 493 1987 583; baseline -0.001 -21"><span class='ocrx_word' id='word_1_20' title='bbox 522 500 720 583; x_wconf 88' lang='lat' dir='ltr'>reliquis</span> <span class='ocrx_word' id='word_1_21' title='bbox 735 497 900 556; x_wconf 86' lang='lat' dir='ltr'>Gallis</span> <span class='ocrx_word' id='word_1_22' title='bbox 933 496 1138 571; x_wconf 89' lang='lat' dir='ltr'>accidit,</span> <span class='ocrx_word' id='word_1_23' title='bbox 1182 493 1432 556; x_wconf 87' lang='lat' dir='ltr'>foramine</span> <span class='ocrx_word' id='word_1_24' title='bbox 1446 493 1517 572; x_wconf 90' lang='lat' dir='ltr'>B,</span> <span class='ocrx_word' id='word_1_25' title='bbox 1560 495 1713 555; x_wconf 71' lang='lat' dir='ltr'>extra</span> <span class='ocrx_word' id='word_1_26' title='bbox 1735 520 1987 581; x_wconf 87' lang='lat' dir='ltr'>erumpat.</span> 
     </span>
    </p>

    <p class='ocr_par' dir='ltr' id='par_1_4' title="bbox 516 577 2349 1935">
     <span class='ocr_line' id='line_1_6' title="bbox 606 577 2342 663; baseline 0.003 -22"><span class='ocrx_word' id='word_1_27' title='bbox 606 582 861 663; x_wconf 80' lang='lat' dir='ltr'>Vulgares</span> <span class='ocrx_word' id='word_1_28' title='bbox 888 580 1000 640; x_wconf 89' lang='lat' dir='ltr'>sunt</span> <span class='ocrx_word' id='word_1_29' title='bbox 1032 599 1281 656; x_wconf 79' lang='lat' dir='ltr'>tuinoreS,</span> <span class='ocrx_word' id='word_1_30' title='bbox 1324 586 1378 642; x_wconf 68' lang='grc' dir='ltr'>ὃς</span> <span class='ocrx_word' id='word_1_31' title='bbox 1407 577 1759 642; x_wconf 85' lang='lat' dir='ltr'>excrescentiae</span> <span class='ocrx_word' id='word_1_32' title='bbox 1790 582 1845 640; x_wconf 94' lang='lat' dir='ltr'>in</span> <span class='ocrx_word' id='word_1_33' title='bbox 1882 581 2173 663; x_wconf 87' lang='lat' dir='ltr'>plantarum</span> <span class='ocrx_word' id='word_1_34' title='bbox 2209 585 2342 649; x_wconf 79' lang='lat' dir='ltr'>foliis</span> 
     </span>
     <span class='ocr_line' id='line_1_7' title="bbox 518 663 2342 751; baseline 0.005 -25"><span class='ocrx_word' id='word_1_35' title='bbox 518 670 694 751; x_wconf 89' lang='lat' dir='ltr'>primo</span> <span class='ocrx_word' id='word_1_36' title='bbox 729 687 851 724; x_wconf 91' lang='lat' dir='ltr'>vere</span> <span class='ocrx_word' id='word_1_37' title='bbox 875 668 1131 740; x_wconf 72' lang='lat' dir='ltr'>excitatae,</span> <span class='ocrx_word' id='word_1_38' title='bbox 1175 665 1363 748; x_wconf 88' lang='lat' dir='ltr'>quibus</span> <span class='ocrx_word' id='word_1_39' title='bbox 1393 683 1598 748; x_wconf 90' lang='lat' dir='ltr'>recepta</span> <span class='ocrx_word' id='word_1_40' title='bbox 1636 663 1980 749; x_wconf 86' lang='lat' dir='ltr'>copiofiffima</span> <span class='ocrx_word' id='word_1_41' title='bbox 2014 671 2252 732; x_wconf 88' lang='lat' dir='ltr'>animalia</span> <span class='ocrx_word' id='word_1_42' title='bbox 2286 678 2342 734; x_wconf 76' lang='lat'>8&lt;</span> 
     </span>
     <span class='ocr_line' id='line_1_8' title="bbox 518 747 2342 832; baseline 0.002 -21"><span class='ocrx_word' id='word_1_43' title='bbox 518 773 626 811; x_wconf 88' lang='lat' dir='ltr'>ova</span> <span class='ocrx_word' id='word_1_44' title='bbox 652 750 894 820; x_wconf 77' lang='lat' dir='ltr'>aluntur3</span> <span class='ocrx_word' id='word_1_45' title='bbox 938 747 1013 808; x_wconf 66' lang='lat' dir='ltr'>ita</span> <span class='ocrx_word' id='word_1_46' title='bbox 1032 768 1092 809; x_wconf 91' lang='lat' dir='ltr'>ut</span> <span class='ocrx_word' id='word_1_47' title='bbox 1116 749 1186 809; x_wconf 92' lang='lat' dir='ltr'>nil</span> <span class='ocrx_word' id='word_1_48' title='bbox 1210 748 1526 832; x_wconf 74' lang='lat' dir='ltr'>frequentius</span> <span class='ocrx_word' id='word_1_49' title='bbox 1550 768 1807 812; x_wconf 87' lang='lat' dir='ltr'>occurrat.</span> <span class='ocrx_word' id='word_1_50' title='bbox 1893 749 1954 810; x_wconf 88' lang='lat' dir='ltr'>In</span> <span class='ocrx_word' id='word_1_51' title='bbox 1980 749 2244 811; x_wconf 84' lang='lat' dir='ltr'>Cicerbitae</span> <span class='ocrx_word' id='word_1_52' title='bbox 2264 756 2342 814; x_wconf 82' lang='lat' dir='ltr'>fo-</span> 
     </span>
     <span class='ocr_line' id='line_1_9' title="bbox 517 833 2345 917; baseline 0.002 -22"><span class='ocrx_word' id='word_1_53' title='bbox 517 836 590 895; x_wconf 91' lang='lat' dir='ltr'>liis</span> <span class='ocrx_word' id='word_1_54' title='bbox 617 833 772 915; x_wconf 81' lang='lat'><em>(10.)</em></span> <span class='ocrx_word' id='word_1_55' title='bbox 797 856 966 917; x_wconf 83' lang='lat' dir='ltr'>prope</span> <span class='ocrx_word' id='word_1_56' title='bbox 993 833 1220 893; x_wconf 77' lang='lat' dir='ltr'>aestatem</span> <span class='ocrx_word' id='word_1_57' title='bbox 1245 833 1550 916; x_wconf 85' lang='lat' dir='ltr'>multiplices</span> <span class='ocrx_word' id='word_1_58' title='bbox 1583 834 1901 896; x_wconf 87' lang='lat' dir='ltr'>lenticulares</span> <span class='ocrx_word' id='word_1_59' title='bbox 1929 833 2241 896; x_wconf 85' lang='lat' dir='ltr'>attolluntur</span> <span class='ocrx_word' id='word_1_60' title='bbox 2262 856 2345 900; x_wconf 90' lang='lat' dir='ltr'>tu-</span> 
     </span>
     <span class='ocr_line' id='line_1_10' title="bbox 519 915 2345 1001; baseline 0.002 -22"><span class='ocrx_word' id='word_1_61' title='bbox 519 943 691 979; x_wconf 89' lang='lat' dir='ltr'>mores</span> <span class='ocrx_word' id='word_1_62' title='bbox 718 920 776 976; x_wconf 90' lang='lat' dir='ltr'><em>A</em></span> <span class='ocrx_word' id='word_1_63' title='bbox 818 921 870 976; x_wconf 92' lang='lat' dir='ltr'>in</span> <span class='ocrx_word' id='word_1_64' title='bbox 908 916 1149 1000; x_wconf 78' lang='lat' dir='ltr'>superiori</span> <span class='ocrx_word' id='word_1_65' title='bbox 1180 916 1290 978; x_wconf 89' lang='lat' dir='ltr'>folii</span> <span class='ocrx_word' id='word_1_66' title='bbox 1313 935 1487 1001; x_wconf 82' lang='lat' dir='ltr'>parte-t</span> <span class='ocrx_word' id='word_1_67' title='bbox 1529 915 1757 1001; x_wconf 68' lang='lat' dir='ltr'>separata</span> <span class='ocrx_word' id='word_1_68' title='bbox 1781 922 1970 981; x_wconf 84' lang='lat' dir='ltr'>etenim</span> <span class='ocrx_word' id='word_1_69' title='bbox 1994 919 2231 998; x_wconf 65' lang='lat' dir='ltr'>cuticula,</span> <span class='ocrx_word' id='word_1_70' title='bbox 2270 926 2345 984; x_wconf 83' lang='lat' dir='ltr'>in-</span> 
     </span>
     <span class='ocr_line' id='line_1_11' title="bbox 518 1000 2347 1091; baseline 0.003 -29"><span class='ocrx_word' id='word_1_71' title='bbox 518 1004 754 1063; x_wconf 87' lang='lat' dir='ltr'>feriorem</span> <span class='ocrx_word' id='word_1_72' title='bbox 792 1000 903 1061; x_wconf 87' lang='lat' dir='ltr'>folii</span> <span class='ocrx_word' id='word_1_73' title='bbox 938 1001 1255 1085; x_wconf 86' lang='lat' dir='ltr'>superficiem</span> <span class='ocrx_word' id='word_1_74' title='bbox 1290 1001 1580 1075; x_wconf 82' lang='lat' dir='ltr'>ambiente3</span> <span class='ocrx_word' id='word_1_75' title='bbox 1620 1008 1965 1087; x_wconf 87' lang='lat' dir='ltr'>pericarpium</span> <span class='ocrx_word' id='word_1_76' title='bbox 2005 1028 2127 1066; x_wconf 91' lang='lat' dir='ltr'>cum</span> <span class='ocrx_word' id='word_1_77' title='bbox 2166 1004 2347 1091; x_wconf 81' lang='lat' dir='ltr'>ligneis</span> 
     </span>
     <span class='ocr_line' id='line_1_12' title="bbox 517 1085 2349 1171; baseline 0.004 -25"><span class='ocrx_word' id='word_1_78' title='bbox 517 1087 666 1147; x_wconf 89' lang='lat' dir='ltr'>fibris</span> <span class='ocrx_word' id='word_1_79' title='bbox 707 1109 1003 1147; x_wconf 88' lang='lat' dir='ltr'>concavum</span> <span class='ocrx_word' id='word_1_80' title='bbox 1041 1087 1293 1162; x_wconf 80' lang='lat' dir='ltr'>redditur,</span> <span class='ocrx_word' id='word_1_81' title='bbox 1335 1093 1388 1148; x_wconf 85' lang='lat'>&amp;</span> <span class='ocrx_word' id='word_1_82' title='bbox 1426 1085 1662 1170; x_wconf 78' lang='lat' dir='ltr'>superius</span> <span class='ocrx_word' id='word_1_83' title='bbox 1701 1089 1971 1171; x_wconf 81' lang='lat' dir='ltr'>inaequales</span> <span class='ocrx_word' id='word_1_84' title='bbox 2013 1093 2241 1153; x_wconf 87' lang='lat' dir='ltr'>eminent</span> <span class='ocrx_word' id='word_1_85' title='bbox 2264 1109 2349 1153; x_wconf 85' lang='lat' dir='ltr'>tu-</span> 
     </span>
     <span class='ocr_line' id='line_1_13' title="bbox 516 1171 2347 1256; baseline 0.004 -25"><span class='ocrx_word' id='word_1_86' title='bbox 516 1195 721 1232; x_wconf 85' lang='lat' dir='ltr'>mores:</span> <span class='ocrx_word' id='word_1_87' title='bbox 766 1171 986 1255; x_wconf 90' lang='lat' dir='ltr'>spatium</span> <span class='ocrx_word' id='word_1_88' title='bbox 1015 1175 1143 1232; x_wconf 79' lang='lat' dir='ltr'>vero</span> <span class='ocrx_word' id='word_1_89' title='bbox 1160 1225 1176 1249; x_wconf 94' lang='lat'>,</span> <span class='ocrx_word' id='word_1_90' title='bbox 1218 1172 1367 1255; x_wconf 91' lang='lat' dir='ltr'>quod</span> <span class='ocrx_word' id='word_1_91' title='bbox 1403 1177 1535 1233; x_wconf 91' lang='lat' dir='ltr'>inter</span> <span class='ocrx_word' id='word_1_92' title='bbox 1570 1175 1928 1256; x_wconf 62' lang='lat' dir='ltr'>pericarpium,</span> <span class='ocrx_word' id='word_1_93' title='bbox 1956 1195 2250 1253; x_wconf 87' lang='lat' dir='ltr'>curvatum,</span> <span class='ocrx_word' id='word_1_94' title='bbox 2291 1183 2347 1240; x_wconf 90' lang='lat'>&amp;</span> 
     </span>
     <span class='ocr_line' id='line_1_14' title="bbox 518 1255 2347 1342; baseline 0.002 -24"><span class='ocrx_word' id='word_1_95' title='bbox 518 1255 797 1318; x_wconf 78' lang='lat' dir='ltr'>cuticulam</span> <span class='ocrx_word' id='word_1_96' title='bbox 838 1262 1097 1318; x_wconf 85' lang='lat' dir='ltr'>excitatur</span> <span class='ocrx_word' id='word_1_97' title='bbox 1112 1282 1127 1329; x_wconf 77' lang='lat'>3</span> <span class='ocrx_word' id='word_1_98' title='bbox 1172 1261 1360 1317; x_wconf 91' lang='lat' dir='ltr'>vermis</span> <span class='ocrx_word' id='word_1_99' title='bbox 1395 1255 1449 1315; x_wconf 85' lang='lat' dir='ltr'><strong><em>B</em></strong></span> <span class='ocrx_word' id='word_1_100' title='bbox 1486 1277 1730 1341; x_wconf 91' lang='lat' dir='ltr'>occupat,</span> <span class='ocrx_word' id='word_1_101' title='bbox 1772 1263 1861 1342; x_wconf 93' lang='lat' dir='ltr'>qui</span> <span class='ocrx_word' id='word_1_102' title='bbox 1897 1258 2009 1319; x_wconf 28' lang='lat' dir='ltr'>*solo</span> <span class='ocrx_word' id='word_1_103' title='bbox 2042 1260 2206 1321; x_wconf 82' lang='lat' dir='ltr'>halitu</span> <span class='ocrx_word' id='word_1_104' title='bbox 2233 1260 2347 1321; x_wconf 67' lang='lat' dir='ltr'>fiab-</span> 
     </span>
     <span class='ocr_line' id='line_1_15' title="bbox 517 1341 2348 1430; baseline 0.003 -28"><span class='ocrx_word' id='word_1_105' title='bbox 517 1342 662 1422; x_wconf 66' lang='lat' dir='ltr'>jeaae</span> <span class='ocrx_word' id='word_1_106' title='bbox 686 1341 934 1418; x_wconf 81' lang='lat' dir='ltr'>cuticulae,</span> <span class='ocrx_word' id='word_1_107' title='bbox 978 1348 1030 1402; x_wconf 75' lang='grc' dir='ltr'>ὃ(</span> <span class='ocrx_word' id='word_1_108' title='bbox 1056 1346 1327 1426; x_wconf 91' lang='lat' dir='ltr'>pericarpii</span> <span class='ocrx_word' id='word_1_109' title='bbox 1351 1341 1585 1402; x_wconf 91' lang='lat' dir='ltr'>colorem</span> <span class='ocrx_word' id='word_1_110' title='bbox 1617 1347 1878 1404; x_wconf 87' lang='lat' dir='ltr'>immutat.</span> <span class='ocrx_word' id='word_1_111' title='bbox 1964 1344 2025 1404; x_wconf 87' lang='lat' dir='ltr'>ln</span> <span class='ocrx_word' id='word_1_112' title='bbox 2057 1343 2191 1406; x_wconf 88' lang='lat' dir='ltr'>foliis</span> <span class='ocrx_word' id='word_1_113' title='bbox 2211 1349 2348 1430; x_wconf 91' lang='lat' dir='ltr'>pari-</span> 
     </span>
     <span class='ocr_line' id='line_1_16' title="bbox 522 1425 2349 1515; baseline 0.002 -27"><span class='ocrx_word' id='word_1_114' title='bbox 522 1446 600 1488; x_wconf 90' lang='lat' dir='ltr'>ter</span> <span class='ocrx_word' id='word_1_115' title='bbox 624 1425 892 1502; x_wconf 68' lang='lat' dir='ltr'>QerchS,</span> <span class='ocrx_word' id='word_1_116' title='bbox 935 1446 1056 1487; x_wconf 89' lang='lat' dir='ltr'>vere</span> <span class='ocrx_word' id='word_1_117' title='bbox 1078 1433 1131 1488; x_wconf 79' lang='grc' dir='ltr'>ὃ(</span> <span class='ocrx_word' id='word_1_118' title='bbox 1156 1426 1345 1502; x_wconf 85' lang='lat' dir='ltr'>aestate,</span> <span class='ocrx_word' id='word_1_119' title='bbox 1385 1425 1610 1510; x_wconf 90' lang='lat' dir='ltr'>spatium</span> <span class='ocrx_word' id='word_1_120' title='bbox 1634 1427 1910 1509; x_wconf 81' lang='lat' dir='ltr'>quoddam</span> <span class='ocrx_word' id='word_1_121' title='bbox 1924 1430 2055 1488; x_wconf 92' lang='lat' dir='ltr'>inter</span> <span class='ocrx_word' id='word_1_122' title='bbox 2074 1448 2349 1515; x_wconf 84' lang='lat' dir='ltr'>utramque</span> 
     </span>
     <span class='ocr_line' id='line_1_17' title="bbox 520 1509 2349 1600; baseline 0.002 -27"><span class='ocrx_word' id='word_1_123' title='bbox 520 1511 797 1574; x_wconf 78' lang='lat' dir='ltr'>cuticulam</span> <span class='ocrx_word' id='word_1_124' title='bbox 821 1509 1042 1572; x_wconf 89' lang='lat' dir='ltr'>succedit</span> <span class='ocrx_word' id='word_1_125' title='bbox 1056 1536 1072 1584; x_wconf 78' lang='lat'>3</span> <span class='ocrx_word' id='word_1_126' title='bbox 1117 1511 1421 1595; x_wconf 88' lang='lat' dir='ltr'>depascente</span> <span class='ocrx_word' id='word_1_127' title='bbox 1443 1529 1703 1573; x_wconf 90' lang='lat' dir='ltr'>contento</span> <span class='ocrx_word' id='word_1_128' title='bbox 1733 1532 1913 1571; x_wconf 89' lang='lat' dir='ltr'>verme</span> <span class='ocrx_word' id='word_1_129' title='bbox 1936 1510 2049 1571; x_wconf 87' lang='lat' dir='ltr'>folii</span> <span class='ocrx_word' id='word_1_130' title='bbox 2074 1519 2349 1600; x_wconf 88' lang='lat' dir='ltr'>pericarpi-</span> 
     </span>
     <span class='ocr_line' id='line_1_18' title="bbox 520 1595 2348 1672; baseline 0.003 -15"><span class='ocrx_word' id='word_1_131' title='bbox 520 1621 622 1657; x_wconf 91' lang='lat' dir='ltr'>um.</span> <span class='ocrx_word' id='word_1_132' title='bbox 719 1595 922 1657; x_wconf 69' lang='lat' dir='ltr'>Debita</span> <span class='ocrx_word' id='word_1_133' title='bbox 947 1595 1246 1659; x_wconf 85' lang='lat' dir='ltr'>succedente</span> <span class='ocrx_word' id='word_1_134' title='bbox 1268 1600 1583 1672; x_wconf 77' lang='lat' dir='ltr'>mutatione,</span> <span class='ocrx_word' id='word_1_135' title='bbox 1626 1600 1772 1658; x_wconf 88' lang='lat' dir='ltr'>varia</span> <span class='ocrx_word' id='word_1_136' title='bbox 1803 1598 2047 1657; x_wconf 88' lang='lat' dir='ltr'>oriuntur</span> <span class='ocrx_word' id='word_1_137' title='bbox 2082 1599 2348 1662; x_wconf 84' lang='lat' dir='ltr'>animalia:</span> 
     </span>
     <span class='ocr_line' id='line_1_19' title="bbox 522 1680 2349 1767; baseline 0.003 -27"><span class='ocrx_word' id='word_1_138' title='bbox 522 1681 836 1765; x_wconf 75' lang='lat' dir='ltr'>quandoque</span> <span class='ocrx_word' id='word_1_139' title='bbox 862 1680 1005 1765; x_wconf 82' lang='lat' dir='ltr'>quasi</span> <span class='ocrx_word' id='word_1_140' title='bbox 1029 1686 1228 1742; x_wconf 88' lang='lat' dir='ltr'>minimi</span> <span class='ocrx_word' id='word_1_141' title='bbox 1253 1682 1543 1767; x_wconf 87' lang='lat' dir='ltr'>papiliones</span> <span class='ocrx_word' id='word_1_142' title='bbox 1569 1680 1760 1765; x_wconf 89' lang='lat' dir='ltr'>plumis</span> <span class='ocrx_word' id='word_1_143' title='bbox 1775 1683 2022 1765; x_wconf 86' lang='lat' dir='ltr'>cooperti</span> <span class='ocrx_word' id='word_1_144' title='bbox 2038 1701 2349 1767; x_wconf 88' lang='lat' dir='ltr'>erumpunt:</span> 
     </span>
     <span class='ocr_line' id='line_1_20' title="bbox 523 1766 2349 1853; baseline 0.002 -27"><span class='ocrx_word' id='word_1_145' title='bbox 523 1766 790 1827; x_wconf 91' lang='lat' dir='ltr'>interdum</span> <span class='ocrx_word' id='word_1_146' title='bbox 827 1766 1031 1842; x_wconf 76' lang='lat' dir='ltr'>muscae,</span> <span class='ocrx_word' id='word_1_147' title='bbox 1073 1766 1441 1853; x_wconf 82' lang='lat' dir='ltr'>cartilaginofis</span> <span class='ocrx_word' id='word_1_148' title='bbox 1477 1784 1745 1830; x_wconf 83' lang='lat' dir='ltr'>contextae</span> <span class='ocrx_word' id='word_1_149' title='bbox 1771 1767 1985 1843; x_wconf 78' lang='lat' dir='ltr'>annulis,</span> <span class='ocrx_word' id='word_1_150' title='bbox 2026 1771 2349 1843; x_wconf 83' lang='lat' dir='ltr'>excitantur3</span> 
     </span>
     <span class='ocr_line' id='line_1_21' title="bbox 524 1851 1307 1935; baseline 0.004 -23"><span class='ocrx_word' id='word_1_151' title='bbox 524 1874 642 1935; x_wconf 82' lang='lat' dir='ltr'>quae</span> <span class='ocrx_word' id='word_1_152' title='bbox 669 1852 881 1912; x_wconf 87' lang='lat' dir='ltr'>tandem</span> <span class='ocrx_word' id='word_1_153' title='bbox 912 1851 1051 1912; x_wconf 87' lang='lat' dir='ltr'>foras</span> <span class='ocrx_word' id='word_1_154' title='bbox 1075 1853 1307 1915; x_wconf 85' lang='lat' dir='ltr'>evolant.</span> 
     </span>
    </p>

    <p class='ocr_par' dir='ltr' id='par_1_5' title="bbox 523 1934 2349 2685">
     <span class='ocr_line' id='line_1_22' title="bbox 607 1934 2349 2023; baseline 0.003 -29"><span class='ocrx_word' id='word_1_155' title='bbox 607 1934 668 1995; x_wconf 88' lang='lat' dir='ltr'>In</span> <span class='ocrx_word' id='word_1_156' title='bbox 695 1935 1015 2015; x_wconf 77' lang='lat' dir='ltr'>Pyracantha</span> <span class='ocrx_word' id='word_1_157' title='bbox 1043 1938 1073 2019; x_wconf 81' lang='grc'><strong><em>&lt;</em></strong></span> <span class='ocrx_word' id='word_1_158' title='bbox 1085 1962 1105 1999; x_wconf 94' lang='lat'>1</span> <span class='ocrx_word' id='word_1_159' title='bbox 1126 1940 1200 2022; x_wconf 82' lang='lat'>1.)</span> <span class='ocrx_word' id='word_1_160' title='bbox 1224 1938 1349 2000; x_wconf 88' lang='lat' dir='ltr'>folia</span> <span class='ocrx_word' id='word_1_161' title='bbox 1380 1937 1621 2023; x_wconf 88' lang='lat' dir='ltr'>quaedam</span> <span class='ocrx_word' id='word_1_162' title='bbox 1643 1940 1924 1999; x_wconf 86' lang='lat' dir='ltr'>innumeris</span> <span class='ocrx_word' id='word_1_163' title='bbox 1944 1937 2049 1998; x_wconf 89' lang='lat' dir='ltr'>fere</span> <span class='ocrx_word' id='word_1_164' title='bbox 2074 1937 2349 1999; x_wconf 90' lang='lat' dir='ltr'>tuberculis</span> 
     </span>
     <span class='ocr_line' id='line_1_23' title="bbox 523 2019 2349 2103; baseline 0.003 -24"><span class='ocrx_word' id='word_1_165' title='bbox 523 2019 781 2095; x_wconf 88' lang='lat' dir='ltr'>laborant,</span> <span class='ocrx_word' id='word_1_166' title='bbox 824 2044 939 2103; x_wconf 81' lang='lat' dir='ltr'>quae</span> <span class='ocrx_word' id='word_1_167' title='bbox 961 2020 1341 2086; x_wconf 73' lang='lat' dir='ltr'>fiibrubicunda</span> <span class='ocrx_word' id='word_1_168' title='bbox 1366 2023 1493 2100; x_wconf 75' lang='lat' dir='ltr'>sunt,</span> <span class='ocrx_word' id='word_1_169' title='bbox 1538 2030 1589 2084; x_wconf 87' lang='lat'>&amp;</span> <span class='ocrx_word' id='word_1_170' title='bbox 1616 2023 2054 2084; x_wconf 84' lang='lat' dir='ltr'>indiscriminatim</span> <span class='ocrx_word' id='word_1_171' title='bbox 2087 2023 2155 2084; x_wconf 89' lang='lat' dir='ltr'>ab</span> <span class='ocrx_word' id='word_1_172' title='bbox 2178 2023 2349 2084; x_wconf 90' lang='lat' dir='ltr'>humi-</span> 
     </span>
     <span class='ocr_line' id='line_1_24' title="bbox 524 2103 2348 2192; baseline 0.002 -28"><span class='ocrx_word' id='word_1_173' title='bbox 524 2104 659 2180; x_wconf 89' lang='lat' dir='ltr'>liori,</span> <span class='ocrx_word' id='word_1_174' title='bbox 699 2103 1015 2187; x_wconf 81' lang='lat' dir='ltr'>superiorive</span> <span class='ocrx_word' id='word_1_175' title='bbox 1050 2106 1159 2168; x_wconf 91' lang='lat' dir='ltr'>folii</span> <span class='ocrx_word' id='word_1_176' title='bbox 1196 2128 1346 2192; x_wconf 87' lang='lat' dir='ltr'>parte</span> <span class='ocrx_word' id='word_1_177' title='bbox 1369 2113 1621 2169; x_wconf 88' lang='lat' dir='ltr'>eminent:</span> <span class='ocrx_word' id='word_1_178' title='bbox 1664 2108 1756 2168; x_wconf 88' lang='lat' dir='ltr'>tali</span> <span class='ocrx_word' id='word_1_179' title='bbox 1778 2126 1950 2169; x_wconf 89' lang='lat' dir='ltr'>autem</span> <span class='ocrx_word' id='word_1_180' title='bbox 1980 2107 2218 2168; x_wconf 87' lang='lat' dir='ltr'>constant</span> <span class='ocrx_word' id='word_1_181' title='bbox 2240 2108 2348 2169; x_wconf 91' lang='lat' dir='ltr'>for-</span> 
     </span>
     <span class='ocr_line' id='line_1_25' title="bbox 525 2187 2349 2277; baseline 0.001 -27"><span class='ocrx_word' id='word_1_182' title='bbox 525 2190 624 2250; x_wconf 66' lang='lat' dir='ltr'>ma.</span> <span class='ocrx_word' id='word_1_183' title='bbox 710 2187 1020 2250; x_wconf 84' lang='lat' dir='ltr'>Cucurbitae</span> <span class='ocrx_word' id='word_1_184' title='bbox 1038 2193 1253 2253; x_wconf 78' lang='lat' dir='ltr'>medicae</span> <span class='ocrx_word' id='word_1_185' title='bbox 1277 2194 1491 2277; x_wconf 86' lang='lat' dir='ltr'>speciem</span> <span class='ocrx_word' id='word_1_186' title='bbox 1515 2191 1839 2268; x_wconf 77' lang='lat' dir='ltr'>aemulantur,</span> <span class='ocrx_word' id='word_1_187' title='bbox 1881 2214 1998 2252; x_wconf 89' lang='lat' dir='ltr'>cum</span> <span class='ocrx_word' id='word_1_188' title='bbox 2019 2193 2120 2258; x_wconf 87' lang='lat' dir='ltr'>hoc</span> <span class='ocrx_word' id='word_1_189' title='bbox 2143 2210 2349 2264; x_wconf 82' lang='lat' dir='ltr'>tamen3</span> 
     </span>
     <span class='ocr_line' id='line_1_26' title="bbox 529 2273 2348 2360; baseline 0.002 -26"><span class='ocrx_word' id='word_1_190' title='bbox 529 2294 588 2334; x_wconf 85' lang='lat' dir='ltr'>ut</span> <span class='ocrx_word' id='word_1_191' title='bbox 613 2277 667 2333; x_wconf 90' lang='lat' dir='ltr'>in</span> <span class='ocrx_word' id='word_1_192' title='bbox 690 2273 1048 2337; x_wconf 82' lang='lat' dir='ltr'>summitateA</span> <span class='ocrx_word' id='word_1_193' title='bbox 1064 2275 1397 2359; x_wconf 86' lang='lat' dir='ltr'>gibbositates</span> <span class='ocrx_word' id='word_1_194' title='bbox 1416 2277 1664 2360; x_wconf 86' lang='lat' dir='ltr'>quasdam</span> <span class='ocrx_word' id='word_1_195' title='bbox 1679 2276 1846 2360; x_wconf 74' lang='lat' dir='ltr'>praese</span> <span class='ocrx_word' id='word_1_196' title='bbox 1861 2275 2057 2347; x_wconf 61' lang='lat' dir='ltr'>ferant,</span> <span class='ocrx_word' id='word_1_197' title='bbox 2098 2280 2151 2335; x_wconf 91' lang='lat' dir='ltr'>in</span> <span class='ocrx_word' id='word_1_198' title='bbox 2172 2298 2348 2358; x_wconf 90' lang='lat' dir='ltr'>oppo-</span> 
     </span>
     <span class='ocr_line' id='line_1_27' title="bbox 529 2358 2347 2441; baseline 0.001 -23"><span class='ocrx_word' id='word_1_199' title='bbox 529 2358 622 2418; x_wconf 82' lang='lat' dir='ltr'>sita</span> <span class='ocrx_word' id='word_1_200' title='bbox 650 2362 779 2419; x_wconf 80' lang='lat' dir='ltr'>vero</span> <span class='ocrx_word' id='word_1_201' title='bbox 805 2378 967 2441; x_wconf 89' lang='lat' dir='ltr'>parte,</span> <span class='ocrx_word' id='word_1_202' title='bbox 1013 2360 1118 2418; x_wconf 85' lang='lat' dir='ltr'>hoc</span> <span class='ocrx_word' id='word_1_203' title='bbox 1143 2360 1229 2433; x_wconf 90' lang='lat' dir='ltr'>est,</span> <span class='ocrx_word' id='word_1_204' title='bbox 1265 2361 1357 2418; x_wconf 91' lang='lat' dir='ltr'>sub</span> <span class='ocrx_word' id='word_1_205' title='bbox 1393 2361 1504 2419; x_wconf 90' lang='lat' dir='ltr'>folii</span> <span class='ocrx_word' id='word_1_206' title='bbox 1530 2360 1741 2416; x_wconf 73' lang='lat' dir='ltr'>extensa</span> <span class='ocrx_word' id='word_1_207' title='bbox 1765 2358 2157 2418; x_wconf 88' lang='lat' dir='ltr'>horizontaliter</span> <span class='ocrx_word' id='word_1_208' title='bbox 2173 2358 2347 2420; x_wconf 89' lang='lat' dir='ltr'>latitu-</span> 
     </span>
     <span class='ocr_line' id='line_1_28' title="bbox 528 2440 2346 2527; baseline 0.003 -27"><span class='ocrx_word' id='word_1_209' title='bbox 528 2442 646 2500; x_wconf 89' lang='lat' dir='ltr'>dine</span> <span class='ocrx_word' id='word_1_210' title='bbox 669 2441 739 2515; x_wconf 77' lang='lat' dir='ltr'>B,</span> <span class='ocrx_word' id='word_1_211' title='bbox 782 2444 951 2502; x_wconf 86' lang='lat' dir='ltr'>hiatus</span> <span class='ocrx_word' id='word_1_212' title='bbox 968 2444 998 2500; x_wconf 73' lang='lat' dir='ltr'>a</span> <span class='ocrx_word' id='word_1_213' title='bbox 1015 2443 1312 2524; x_wconf 90' lang='lat' dir='ltr'>primordiis</span> <span class='ocrx_word' id='word_1_214' title='bbox 1329 2460 1505 2526; x_wconf 80' lang='lat' dir='ltr'>patet3</span> <span class='ocrx_word' id='word_1_215' title='bbox 1547 2440 1901 2502; x_wconf 68' lang='lat' dir='ltr'>circumducio</span> <span class='ocrx_word' id='word_1_216' title='bbox 1918 2440 2056 2500; x_wconf 90' lang='lat' dir='ltr'>labio</span> <span class='ocrx_word' id='word_1_217' title='bbox 2078 2444 2143 2517; x_wconf 89' lang='lat' dir='ltr'>C,</span> <span class='ocrx_word' id='word_1_218' title='bbox 2184 2442 2216 2501; x_wconf 70' lang='lat' dir='ltr'>a</span> <span class='ocrx_word' id='word_1_219' title='bbox 2233 2466 2346 2527; x_wconf 90' lang='lat' dir='ltr'>quo</span> 
     </span>
     <span class='ocr_line' id='line_1_29' title="bbox 528 2523 2346 2610; baseline 0.003 -27"><span class='ocrx_word' id='word_1_220' title='bbox 528 2523 619 2607; x_wconf 91' lang='lat' dir='ltr'>pili</span> <span class='ocrx_word' id='word_1_221' title='bbox 642 2524 840 2608; x_wconf 89' lang='lat' dir='ltr'>copiosi</span> <span class='ocrx_word' id='word_1_222' title='bbox 866 2547 1172 2610; x_wconf 89' lang='lat' dir='ltr'>erumpunt:</span> <span class='ocrx_word' id='word_1_223' title='bbox 1215 2531 1352 2588; x_wconf 90' lang='lat' dir='ltr'>intus</span> <span class='ocrx_word' id='word_1_224' title='bbox 1377 2545 1493 2587; x_wconf 91' lang='lat' dir='ltr'>tota</span> <span class='ocrx_word' id='word_1_225' title='bbox 1516 2530 1899 2587; x_wconf 85' lang='lat' dir='ltr'>concameratio</span> <span class='ocrx_word' id='word_1_226' title='bbox 1925 2543 2091 2608; x_wconf 88' lang='lat' dir='ltr'>patet,</span> <span class='ocrx_word' id='word_1_227' title='bbox 2132 2550 2235 2610; x_wconf 92' lang='lat' dir='ltr'>pro</span> <span class='ocrx_word' id='word_1_228' title='bbox 2263 2527 2346 2588; x_wconf 83' lang='lat' dir='ltr'>fo-</span> 
     </span>
     <span class='ocr_line' id='line_1_30' title="bbox 533 2609 1259 2685; baseline 0.007 -19"><span class='ocrx_word' id='word_1_229' title='bbox 533 2609 712 2669; x_wconf 87' lang='lat' dir='ltr'>vendis</span> <span class='ocrx_word' id='word_1_230' title='bbox 735 2609 903 2670; x_wconf 66' lang='lat' dir='ltr'>ladteis</span> <span class='ocrx_word' id='word_1_231' title='bbox 927 2611 1230 2672; x_wconf 81' lang='lat' dir='ltr'>vermiculis,</span> <span class='ocrx_word' id='word_1_232' title='bbox 1253 2678 1259 2685; x_wconf 52' lang='grc'><strong>,</strong></span> 
     </span>
    </p>

    <p class='ocr_par' dir='ltr' id='par_1_6' title="bbox 526 2692 2346 3712">
     <span class='ocr_line' id='line_1_31' title="bbox 613 2692 2345 2780; baseline 0.002 -26"><span class='ocrx_word' id='word_1_233' title='bbox 613 2693 761 2754; x_wconf 91' lang='lat' dir='ltr'>Idem</span> <span class='ocrx_word' id='word_1_234' title='bbox 792 2696 981 2755; x_wconf 90' lang='lat' dir='ltr'>accidit</span> <span class='ocrx_word' id='word_1_235' title='bbox 1020 2699 1142 2778; x_wconf 86' lang='lat' dir='ltr'>Opio</span> <span class='ocrx_word' id='word_1_236' title='bbox 1172 2697 1327 2778; x_wconf 74' lang='lat'><em>(12.)</em></span> <span class='ocrx_word' id='word_1_237' title='bbox 1369 2694 1514 2776; x_wconf 85' lang='lat' dir='ltr'>cujus</span> <span class='ocrx_word' id='word_1_238' title='bbox 1552 2692 1678 2754; x_wconf 90' lang='lat' dir='ltr'>folia</span> <span class='ocrx_word' id='word_1_239' title='bbox 1706 2694 2055 2778; x_wconf 72' lang='lat' dir='ltr'>copiosissimis</span> <span class='ocrx_word' id='word_1_240' title='bbox 2079 2695 2345 2780; x_wconf 76' lang='lat' dir='ltr'>conspersa</span> 
     </span>
     <span class='ocr_line' id='line_1_32' title="bbox 528 2777 2346 2857; baseline 0.002 -19"><span class='ocrx_word' id='word_1_241' title='bbox 528 2783 673 2853; x_wconf 77' lang='lat' dir='ltr'>oviS,</span> <span class='ocrx_word' id='word_1_242' title='bbox 730 2784 783 2838; x_wconf 91' lang='lat' dir='ltr'>in</span> <span class='ocrx_word' id='word_1_243' title='bbox 827 2785 1039 2840; x_wconf 90' lang='lat' dir='ltr'>minima</span> <span class='ocrx_word' id='word_1_244' title='bbox 1075 2800 1363 2841; x_wconf 89' lang='lat' dir='ltr'>curvantur</span> <span class='ocrx_word' id='word_1_245' title='bbox 1402 2777 1695 2851; x_wconf 81' lang='lat' dir='ltr'>tubercula3</span> <span class='ocrx_word' id='word_1_246' title='bbox 1737 2778 1884 2839; x_wconf 92' lang='lat' dir='ltr'>nullo</span> <span class='ocrx_word' id='word_1_247' title='bbox 1911 2779 2119 2842; x_wconf 87' lang='lat' dir='ltr'>servato</span> <span class='ocrx_word' id='word_1_248' title='bbox 2145 2781 2346 2857; x_wconf 87' lang='lat' dir='ltr'>ordine,</span> 
     </span>
     <span class='ocr_line' id='line_1_33' title="bbox 526 2861 2345 2948; baseline 0.002 -25"><span class='ocrx_word' id='word_1_249' title='bbox 526 2862 611 2923; x_wconf 88' lang='lat' dir='ltr'>vel</span> <span class='ocrx_word' id='word_1_250' title='bbox 637 2861 994 2946; x_wconf 74' lang='lat' dir='ltr'>dispositione:</span> <span class='ocrx_word' id='word_1_251' title='bbox 1036 2865 1160 2924; x_wconf 77' lang='lat' dir='ltr'>cum</span> <span class='ocrx_word' id='word_1_252' title='bbox 1199 2864 1491 2948; x_wconf 91' lang='lat' dir='ltr'>frequenter</span> <span class='ocrx_word' id='word_1_253' title='bbox 1515 2862 1662 2946; x_wconf 88' lang='lat' dir='ltr'>plura</span> <span class='ocrx_word' id='word_1_254' title='bbox 1692 2884 2038 2947; x_wconf 86' lang='lat' dir='ltr'>congerantur</span> <span class='ocrx_word' id='word_1_255' title='bbox 2065 2866 2345 2927; x_wconf 86' lang='lat' dir='ltr'>tumultua-</span> 
     </span>
     <span class='ocr_line' id='line_1_34' title="bbox 527 2947 2343 3034; baseline 0.004 -28"><span class='ocrx_word' id='word_1_256' title='bbox 527 2949 599 3007; x_wconf 76' lang='lat' dir='ltr'>rie</span> <span class='ocrx_word' id='word_1_257' title='bbox 627 2951 680 3007; x_wconf 88' lang='lat' dir='ltr'>in</span> <span class='ocrx_word' id='word_1_258' title='bbox 707 2972 885 3008; x_wconf 91' lang='lat' dir='ltr'>unum.</span> <span class='ocrx_word' id='word_1_259' title='bbox 973 2947 1236 3021; x_wconf 80' lang='lat' dir='ltr'>Qaelibet</span> <span class='ocrx_word' id='word_1_260' title='bbox 1259 2971 1433 3011; x_wconf 89' lang='lat' dir='ltr'>autem</span> <span class='ocrx_word' id='word_1_261' title='bbox 1456 2949 1630 3009; x_wconf 87' lang='lat' dir='ltr'>latiori</span> <span class='ocrx_word' id='word_1_262' title='bbox 1653 2948 1960 3032; x_wconf 75' lang='lat' dir='ltr'>gibbositate</span> <span class='ocrx_word' id='word_1_263' title='bbox 1983 2951 2060 3026; x_wconf 91' lang='lat' dir='ltr'>A,</span> <span class='ocrx_word' id='word_1_264' title='bbox 2103 2951 2135 3009; x_wconf 73' lang='lat' dir='ltr'>a</span> <span class='ocrx_word' id='word_1_265' title='bbox 2159 2950 2343 3034; x_wconf 91' lang='lat' dir='ltr'>superi-</span> 
     </span>
     <span class='ocr_line' id='line_1_35' title="bbox 531 3031 2344 3118; baseline 0.002 -28"><span class='ocrx_word' id='word_1_266' title='bbox 531 3035 611 3091; x_wconf 92' lang='lat' dir='ltr'>ori</span> <span class='ocrx_word' id='word_1_267' title='bbox 634 3031 883 3094; x_wconf 88' lang='lat' dir='ltr'>foliorum</span> <span class='ocrx_word' id='word_1_268' title='bbox 913 3032 1170 3117; x_wconf 85' lang='lat' dir='ltr'>superficie</span> <span class='ocrx_word' id='word_1_269' title='bbox 1192 3038 1529 3118; x_wconf 88' lang='lat' dir='ltr'>erumpentia,</span> <span class='ocrx_word' id='word_1_270' title='bbox 1570 3036 1706 3095; x_wconf 72' lang='lat' dir='ltr'>intra</span> <span class='ocrx_word' id='word_1_271' title='bbox 1729 3034 1863 3116; x_wconf 91' lang='lat' dir='ltr'>pilos</span> <span class='ocrx_word' id='word_1_272' title='bbox 1888 3057 2068 3110; x_wconf 89' lang='lat' dir='ltr'>unum,</span> <span class='ocrx_word' id='word_1_273' title='bbox 2110 3035 2193 3095; x_wconf 90' lang='lat' dir='ltr'>vel</span> <span class='ocrx_word' id='word_1_274' title='bbox 2222 3035 2344 3095; x_wconf 92' lang='lat' dir='ltr'>alte-</span> 
     </span>
     <span class='ocr_line' id='line_1_36' title="bbox 530 3116 2343 3198; baseline 0.002 -24"><span class='ocrx_word' id='word_1_275' title='bbox 530 3139 645 3175; x_wconf 89' lang='lat' dir='ltr'>rum</span> <span class='ocrx_word' id='word_1_276' title='bbox 674 3116 950 3198; x_wconf 82' lang='lat' dir='ltr'>cubantem</span> <span class='ocrx_word' id='word_1_277' title='bbox 977 3120 1316 3181; x_wconf 89' lang='lat' dir='ltr'>vermiculum</span> <span class='ocrx_word' id='word_1_278' title='bbox 1342 3120 1670 3181; x_wconf 87' lang='lat' dir='ltr'>custodiunt:</span> <span class='ocrx_word' id='word_1_279' title='bbox 1712 3118 1925 3180; x_wconf 78' lang='lat' dir='ltr'>inferius</span> <span class='ocrx_word' id='word_1_280' title='bbox 1947 3122 2077 3180; x_wconf 75' lang='lat' dir='ltr'>veri)</span> <span class='ocrx_word' id='word_1_281' title='bbox 2098 3121 2269 3180; x_wconf 88' lang='lat' dir='ltr'>hiatus</span> <span class='ocrx_word' id='word_1_282' title='bbox 2290 3118 2343 3178; x_wconf 88' lang='lat' dir='ltr'><em>B</em></span> 
     </span>
     <span class='ocr_line' id='line_1_37' title="bbox 532 3202 2342 3289; baseline 0.005 -32"><span class='ocrx_word' id='word_1_283' title='bbox 532 3203 787 3283; x_wconf 61' lang='lat' dir='ltr'>perpetui)</span> <span class='ocrx_word' id='word_1_284' title='bbox 818 3223 962 3284; x_wconf 85' lang='lat' dir='ltr'>patet</span> <span class='ocrx_word' id='word_1_285' title='bbox 982 3258 998 3280; x_wconf 86' lang='lat'>,</span> <span class='ocrx_word' id='word_1_286' title='bbox 1053 3204 1266 3289; x_wconf 89' lang='lat' dir='ltr'>eleganti</span> <span class='ocrx_word' id='word_1_287' title='bbox 1296 3207 1553 3267; x_wconf 91' lang='lat' dir='ltr'>interdum</span> <span class='ocrx_word' id='word_1_288' title='bbox 1596 3202 1938 3266; x_wconf 90' lang='lat' dir='ltr'>circumdatus</span> <span class='ocrx_word' id='word_1_289' title='bbox 1980 3203 2342 3266; x_wconf 64' lang='lat' dir='ltr'>excrescentia:</span> 
     </span>
     <span class='ocr_line' id='line_1_38' title="bbox 532 3287 2342 3372; baseline 0.004 -29"><span class='ocrx_word' id='word_1_290' title='bbox 532 3305 648 3345; x_wconf 90' lang='lat' dir='ltr'>tota</span> <span class='ocrx_word' id='word_1_291' title='bbox 686 3304 862 3346; x_wconf 89' lang='lat' dir='ltr'>autem</span> <span class='ocrx_word' id='word_1_292' title='bbox 889 3287 1138 3351; x_wconf 87' lang='lat' dir='ltr'>tuberculi</span> <span class='ocrx_word' id='word_1_293' title='bbox 1179 3295 1371 3368; x_wconf 91' lang='lat' dir='ltr'>tunica,</span> <span class='ocrx_word' id='word_1_294' title='bbox 1412 3291 1532 3352; x_wconf 76' lang='lat' dir='ltr'>licet</span> <span class='ocrx_word' id='word_1_295' title='bbox 1565 3314 1633 3351; x_wconf 90' lang='lat' dir='ltr'>ex</span> <span class='ocrx_word' id='word_1_296' title='bbox 1667 3301 1892 3372; x_wconf 83' lang='lat' dir='ltr'>&#39;curvata</span> <span class='ocrx_word' id='word_1_297' title='bbox 1918 3288 2026 3351; x_wconf 92' lang='lat' dir='ltr'>folii</span> <span class='ocrx_word' id='word_1_298' title='bbox 2069 3288 2342 3350; x_wconf 88' lang='lat' dir='ltr'>substantia</span> 
     </span>
     <span class='ocr_line' id='line_1_39' title="bbox 532 3369 2343 3451; baseline -0.004 -9"><span class='ocrx_word' id='word_1_299' title='bbox 532 3369 653 3441; x_wconf 71' lang='lat' dir='ltr'>fiat,</span> <span class='ocrx_word' id='word_1_300' title='bbox 696 3370 803 3451; x_wconf 84' lang='lat' dir='ltr'>ipsa</span> <span class='ocrx_word' id='word_1_301' title='bbox 832 3389 1005 3430; x_wconf 88' lang='lat' dir='ltr'>tamen</span> <span class='ocrx_word' id='word_1_302' title='bbox 1031 3375 1233 3437; x_wconf 73' lang='lat' dir='ltr'>crassior</span> <span class='ocrx_word' id='word_1_303' title='bbox 1257 3377 1343 3451; x_wconf 88' lang='lat' dir='ltr'>est,</span> <span class='ocrx_word' id='word_1_304' title='bbox 1385 3383 1438 3437; x_wconf 75' lang='grc' dir='ltr'>ὅ(</span> <span class='ocrx_word' id='word_1_305' title='bbox 1459 3375 1803 3436; x_wconf 91' lang='lat' dir='ltr'>utriculorum</span> <span class='ocrx_word' id='word_1_306' title='bbox 1832 3373 2043 3435; x_wconf 88' lang='lat' dir='ltr'>seriebus</span> <span class='ocrx_word' id='word_1_307' title='bbox 2075 3376 2121 3434; x_wconf 88' lang='lat' dir='ltr'><em>C</em></span> <span class='ocrx_word' id='word_1_308' title='bbox 2143 3374 2343 3434; x_wconf 80' lang='lat' dir='ltr'>confia-</span> 
     </span>
     <span class='ocr_line' id='line_1_40' title="bbox 532 3455 2342 3544; baseline 0.003 -32"><span class='ocrx_word' id='word_1_309' title='bbox 532 3473 645 3513; x_wconf 90' lang='lat' dir='ltr'>tur:</span> <span class='ocrx_word' id='word_1_310' title='bbox 687 3455 754 3513; x_wconf 87' lang='lat' dir='ltr'>ab</span> <span class='ocrx_word' id='word_1_311' title='bbox 776 3475 1077 3516; x_wconf 80' lang='lat' dir='ltr'>excurrente</span> <span class='ocrx_word' id='word_1_312' title='bbox 1092 3463 1244 3519; x_wconf 89' lang='lat' dir='ltr'>etiam</span> <span class='ocrx_word' id='word_1_313' title='bbox 1265 3461 1461 3523; x_wconf 89' lang='lat' dir='ltr'>costula</span> <span class='ocrx_word' id='word_1_314' title='bbox 1484 3461 1546 3518; x_wconf 90' lang='lat' dir='ltr'><em>D</em></span> <span class='ocrx_word' id='word_1_315' title='bbox 1567 3457 1808 3544; x_wconf 89' lang='lat' dir='ltr'>copiosus</span> <span class='ocrx_word' id='word_1_316' title='bbox 1831 3457 2229 3519; x_wconf 83' lang='lat' dir='ltr'>subministratur</span> <span class='ocrx_word' id='word_1_317' title='bbox 2250 3458 2342 3518; x_wconf 87' lang='lat' dir='ltr'>hu-</span> 
     </span>
     <span class='ocr_line' id='line_1_41' title="bbox 531 3541 2342 3624; baseline 0.004 -27"><span class='ocrx_word' id='word_1_318' title='bbox 531 3562 684 3615; x_wconf 88' lang='lat' dir='ltr'>mor,</span> <span class='ocrx_word' id='word_1_319' title='bbox 724 3543 812 3623; x_wconf 89' lang='lat' dir='ltr'>qui</span> <span class='ocrx_word' id='word_1_320' title='bbox 859 3563 927 3599; x_wconf 85' lang='lat' dir='ltr'>ex</span> <span class='ocrx_word' id='word_1_321' title='bbox 961 3541 1182 3624; x_wconf 77' lang='lat' dir='ltr'>depositi</span> <span class='ocrx_word' id='word_1_322' title='bbox 1220 3543 1382 3607; x_wconf 65' lang='lat' dir='ltr'>foetus</span> <span class='ocrx_word' id='word_1_323' title='bbox 1410 3544 1569 3605; x_wconf 90' lang='lat' dir='ltr'>halitu</span> <span class='ocrx_word' id='word_1_324' title='bbox 1606 3547 1915 3605; x_wconf 83' lang='lat' dir='ltr'>concitatior</span> <span class='ocrx_word' id='word_1_325' title='bbox 1944 3542 2193 3617; x_wconf 88' lang='lat' dir='ltr'>redditus,</span> <span class='ocrx_word' id='word_1_326' title='bbox 2232 3542 2342 3605; x_wconf 88' lang='lat' dir='ltr'>folii</span> 
     </span>
     <span class='ocr_line' id='line_1_42' title="bbox 531 3626 2342 3712; baseline 0.003 -32"><span class='ocrx_word' id='word_1_327' title='bbox 531 3626 854 3704; x_wconf 85' lang='lat' dir='ltr'>particulam,</span> <span class='ocrx_word' id='word_1_328' title='bbox 898 3629 980 3686; x_wconf 89' lang='lat' dir='ltr'>cui</span> <span class='ocrx_word' id='word_1_329' title='bbox 1014 3626 1200 3687; x_wconf 85' lang='lat' dir='ltr'>insidet</span> <span class='ocrx_word' id='word_1_330' title='bbox 1227 3650 1423 3704; x_wconf 90' lang='lat' dir='ltr'>ovum,</span> <span class='ocrx_word' id='word_1_331' title='bbox 1468 3631 1638 3712; x_wconf 73' lang='lat' dir='ltr'>primo</span> <span class='ocrx_word' id='word_1_332' title='bbox 1668 3634 1920 3702; x_wconf 85' lang='lat' dir='ltr'>incurvat,</span> <span class='ocrx_word' id='word_1_333' title='bbox 1965 3632 2017 3688; x_wconf 72' lang='grc' dir='ltr'>ὃ(</span> <span class='ocrx_word' id='word_1_334' title='bbox 2052 3626 2226 3689; x_wconf 74' lang='lat' dir='ltr'>sensim</span> <span class='ocrx_word' id='word_1_335' title='bbox 2257 3627 2342 3687; x_wconf 88' lang='lat' dir='ltr'>de-</span> 
     </span>
    </p>
   </div>
   <div class='ocr_carea' id='block_1_4' title="bbox 2191 3711 2342 3772">
    <p class='ocr_par' dir='ltr' id='par_1_7' title="bbox 2191 3711 2342 3772">
     <span class='ocr_line' id='line_1_43' title="bbox 2191 3711 2342 3772; baseline 0.007 -1"><span class='ocrx_word' id='word_1_336' title='bbox 2191 3711 2342 3772; x_wconf 61' lang='lat' dir='ltr'>dueta</span> 
     </span>
    </p>
   </div>
   <div class='ocr_carea' id='block_1_5' title="bbox 2618 0 2638 758">
    <p class='ocr_par' dir='ltr' id='par_1_8' title="bbox 2618 0 2638 758">
     <span class='ocr_line' id='line_1_44' title="bbox 2618 0 2638 758; baseline 0 3168"><span class='ocrx_word' id='word_1_337' title='bbox 2618 0 2638 758; x_wconf 95' lang='lat' dir='ltr'> </span> 
     </span>
    </p>
   </div>
  </div>
 </body>
</html>
