2638 3926
306 176 458 275 ¹80

1037 202 1135 267 De
1165 203 1451 266 Radicibus
1472 200 1797 268 Plantarum.

528 359 834 406 contextam
872 340 1064 403 ordine.
1151 338 1292 399 Non
1329 337 1482 420 longe
1526 338 1695 421 plures
1732 340 1933 404 soboles
1959 345 2021 403 D
2043 368 2339 430 erumpunt,

530 450 646 511 quae
685 426 893 487 caducis
938 422 1148 498 foliolis,
1189 444 1513 505 gemmarum
1547 422 1720 498 instar,
1761 427 2158 502 custodiuntur3
2200 434 2341 515 pedi-

528 513 649 574 culo
699 514 1006 582 firmantur3
1048 531 1158 591 quo
1196 507 1442 583 laceram,
1502 510 1843 591 emancipatae
1888 510 2196 593 stparantur.
2281 516 2344 578 In

527 602 674 681 apice
710 593 861 655 caulis
887 594 943 654 E
967 591 1241 655 attollitur.
1330 591 1431 654 Ab
1469 591 1622 674 hujus
1660 591 1767 654 basi
1795 615 1999 677 gemma
2024 598 2078 655 F
2101 604 2343 685 erumpit.

528 683 701 744 Sedtus
726 677 1022 760 hujusmodi
1068 677 1253 738 bulbus
1281 677 1511 739 candidis
1537 677 1765 739 utriculis
1786 679 2000 740 mucosa
2039 686 2248 745 materia
2270 710 2343 748 re-

526 767 664 828 fertis
690 765 893 826 constat
922 763 1026 824 una
1048 786 1168 824 cum
1195 763 1445 824 fibrarum
1466 762 1919 847 implicationibus

611 847 1014 932 Conglobatam
1037 851 1227 930 pariter
1253 852 1441 921 trunci,
1482 848 1566 907 vel
1601 847 1757 909 caulis
1788 867 2031 910 naturam
2052 852 2103 911 in
2130 848 2350 914 Oroban-

527 933 617 995 che
635 933 696 1014 (1
714 935 831 1015 38.)
853 929 1156 993 sufficienter
1194 929 1513 993 admiramur
1534 955 1550 1003 3
1593 931 1739 1013 cujus
1762 933 1966 1011 bulbuS,
2008 932 2091 995 seu
2113 935 2263 998 tuber
2282 937 2351 998 ab

526 1017 845 1082 inferioribus
892 1016 1146 1079 varicosas
1178 1019 1381 1100 promit
1416 1014 1658 1078 Radices
1679 1018 1755 1094 A,
1795 1043 1912 1104 quae
1936 1022 2164 1083 minores
2189 1020 2351 1083 edunt

528 1101 811 1177 radiculas3
853 1101 1103 1187 reliquum
1129 1100 1273 1163 bulbi
1296 1099 1535 1187 copiolas
1558 1101 1806 1186 producit
1837 1127 2082 1187 gemmam,
2121 1129 2239 1190 quae
2262 1128 2352 1168 ex-

528 1191 725 1264 teriori,
779 1187 1080 1271 caducoque
1126 1185 1260 1248 folio
1297 1186 1350 1246 B
1391 1186 1794 1250 custodiuntur:
1847 1189 2034 1251 harum
2078 1190 2260 1274 aliquae
2300 1195 2354 1254 in

530 1272 732 1335 caulem
748 1275 793 1334 C
813 1272 1127 1333 excrescunt.
1222 1271 1449 1335 Interius
1485 1297 1597 1336 non
1623 1273 1781 1359 longe
1803 1273 1835 1334 a
1860 1273 2078 1336 cuticula
2099 1273 2273 1358 ligneae
2294 1278 2356 1337 fi-

528 1359 656 1435 brae,
700 1381 820 1418 cum
846 1358 1080 1431 tracheis‚
1125 1355 1405 1440 globosum
1426 1380 1623 1441 corpus
1650 1359 1910 1433 ambiunt,
1965 1365 2019 1421 &
2043 1364 2096 1420 in
2131 1382 2358 1444 gemmas

529 1443 834 1505 derivantur
859 1467 871 1501 :
914 1459 1162 1502 contenta
1192 1442 1322 1501 verb
1348 1439 1493 1501 bulbi
1515 1446 1731 1501 interior
1752 1464 1891 1516 area,
1933 1445 2084 1502 variis
2106 1444 2356 1506 transver—

530 1527 707 1589 salium
730 1527 1077 1589 utriculorum
1107 1525 1378 1587 ordinibus
1400 1543 1711 1608 occupatur.

618 1611 892 1694 Exposlta
934 1609 1210 1672 Radicum
1238 1628 1423 1672 natura
1446 1615 1497 1670 in
1522 1611 1697 1692 Rapis
1735 1633 1948 1696 quoque
1964 1609 2162 1695 (139.)
2184 1611 2361 1674 eluces-

534 1701 622 1758 cit.
709 1695 909 1757 Placuit
933 1697 1116 1757 harum
1141 1694 1584 1779 compositionem
1607 1695 1864 1757 attentius
1886 1698 2090 1770 rimari3
2130 1702 2363 1780 &prout

534 1783 678 1843 licuit
698 1787 749 1842 in
772 1805 827 1841 re
853 1801 965 1841 tam
981 1779 1213 1856 obscura,
1252 1779 1404 1861 hujus
1438 1778 1656 1864 speciem
1673 1780 1985 1842 adumbrare
2018 1785 2233 1843 tentavi.
2297 1781 2363 1843 In

534 1866 665 1926 secto
691 1869 844 1946 igitur
868 1864 1049 1948 Rapae
1073 1865 1240 1926 bulbo
1267 1865 1487 1926 tracheae
1509 1865 1567 1923 A
1591 1863 1659 1926 ad
1683 1864 1841 1927 latera
1880 1883 2131 1942 curvatae,
2169 1864 2363 1928 sursum

534 1948 776 2010 varicosse
798 1949 1206 2032 producuntur3
1248 1955 1302 2010 &
1335 1949 1427 2009 ubi
1460 1946 1806 2011 summitatem
1844 1953 2123 2035 attingunt,
2163 1951 2234 2011 ad
2269 1974 2359 2014 ex·

537 2035 622 2094 tra
637 2037 842 2095 curvari
866 2033 1116 2093 videntur
1139 2059 1154 2106 3
1194 2031 1335 2095 unde
1375 2056 1491 2093 area
1513 2032 1566 2089 B
1587 2032 1996 2095 transversalibus
2037 2034 2265 2096 utriculis
2283 2060 2359 2097 re-

538 2117 668 2179 ferta
690 2120 959 2178 excitatur.
1044 2116 1190 2178 Non
1211 2116 1369 2200 longe
1390 2116 1460 2176 ab
1482 2119 1736 2178 exteriori
1774 2117 2056 2201 superficie,
2091 2118 2236 2202 quafi
2270 2118 2362 2182 sub

539 2205 751 2277 cortice,
769 2199 995 2283 ipsstrum
1023 2226 1237 2285 quoque
1254 2199 1503 2281 manipuli
1527 2203 1572 2259 C
1595 2199 1945 2277 deducuntur,
1959 2205 2115 2284 quiin
2130 2203 2259 2264 folia
2278 2205 2362 2280 D,

539 2294 594 2349 8<
619 2286 814 2347 caulem
840 2285 1216 2370 disperguntur.
1287 2281 1583 2366 Reliquum
1597 2284 1765 2370 spatii,
1807 2285 1986 2345 fistulis
2006 2285 2181 2369 ligneis
2199 2287 2360 2370 (mol-

540 2373 674 2434 libus
698 2373 903 2455 tamen)
919 2395 1040 2431 curn
1063 2367 1468 2430 transversalibus
1497 2367 1843 2429 utriculorum
1875 2369 2144 2431 ordinibus
2177 2372 2235 2430 E
2264 2377 2360 2434 im-

540 2458 726 2542 plicitis
741 2455 992 2539 repletur:
1035 2452 1382 2515 horizontales
1413 2468 1591 2513 autem
1616 2451 1963 2516 utriculorum
1999 2456 2224 2532 ordines,
2266 2479 2357 2518 va-

540 2546 678 2603 rium
708 2540 860 2600 fitum
885 2539 939 2599 F
956 2559 1131 2601 tenere
1153 2537 1414 2599 videntur.

625 2625 853 2708 Elegans
896 2625 965 2686 est
1002 2626 1327 2686 trachearum
1370 2640 1496 2699 rete,
1538 2620 1687 2706 quod
1726 2626 1778 2682 in
1823 2620 2003 2708 Rapis
2026 2630 2080 2687 &
2108 2627 2359 2709 Raphana

543 2707 741 2794 (140.)
767 2709 1113 2771 observamus.
1197 2705 1410 2769 Avulso
1435 2703 1579 2767 bulbi
1606 2709 1798 2768 cortice
1821 2709 2053 2771 candidae
2077 2733 2361 2775 occurrunt

542 2796 779 2870 tracheae‚
821 2794 1010 2855 furlum
1039 2818 1131 2878 per
1176 2794 1526 2876 pericarpium
1578 2790 1856 2876 productae.
1951 2794 2053 2855 Hae
2087 2820 2196 2858 non
2238 2801 2359 2859 raro

545 2877 786 2941 varicosae
808 2876 941 2955 sunt,
982 2878 1328 2961 argenteoque
1350 2876 1552 2963 pollent
1589 2874 1800 2938 colore:
1843 2881 1899 2940 in
1926 2878 2187 2941 fasciculos
2223 2906 2356 2966 quo-

545 2986 647 3050 que
671 2965 728 3023 A
759 2962 1107 3047 colliguntur3
1150 2964 1287 3024 unde
1323 2981 1426 3025 tres
1462 2961 1548 3023 vel
1584 2979 1815 3047 quatuor
1854 2983 2193 3026 numerantur
2232 2991 2358 3028 con-

546 3050 695 3133 gestae
716 3049 952 3110 tracheae·
1038 3047 1306 3109 Interdum
1348 3068 1409 3110 ut
1435 3047 1612 3109 videre
1635 3046 1776 3108 licuit
1791 3072 1807 3121 3
1846 3071 2003 3109 novae
2037 3070 2356 3134 promuntur

547 3136 958 3196 ramificationes.
1044 3132 1140 3195 Ex
1163 3139 1305 3195 varia
1327 3137 1501 3218 itaque
1531 3133 1850 3195 trachearum
1872 3133 2236 3217 productione,
2277 3136 2354 3197 di-

547 3217 702 3278 versae
741 3242 863 3279 areae
882 3220 932 3278 B
960 3222 1267 3281 excitantur.
1353 3217 1645 3283 Nonnullae
1681 3237 1852 3280 tamen
1879 3221 2094 3281 tracheae
2121 3224 2168 3282 C
2181 3220 2354 3283 relicto

553 3305 799 3362 exteriori
836 3323 955 3376 rete,
996 3305 1144 3388 quod
1181 3304 1272 3366 sub
1309 3309 1502 3367 cortice
1531 3306 1889 3389 pericarpium,
1942 3305 2022 3366 {eu
2061 3305 2202 3366 bulbi
2246 3327 2355 3365 car-

552 3409 669 3446 nem
691 3387 855 3446 ambit
878 3413 894 3462 3
936 3391 1152 3450 interius
1173 3390 1495 3475 elongantur,
1542 3396 1595 3452 ὃ(
1617 3389 1721 3451 aliis
1753 3389 2105 3451 reticularibus
2129 3388 2354 3451 trachea-

554 3492 671 3530 rum
694 3471 1126 3553 implicationibus
1148 3476 1478 3538 affociantur:
1502 3474 1576 3534 ita
1596 3493 1656 3535 ut
1677 3475 1769 3534 fiat
1785 3474 2079 3558 colligantia
2096 3477 2226 3536 inter
2240 3498 2352 3535 om-

554 3560 636 3616 nia
668 3554 819 3637 plana
846 3558 1176 3618 trachearum.

638 3637 782 3700 Non
823 3643 1008 3724 minori
1054 3642 1402 3725 implicatione
1437 3642 1664 3725 gaudent
1699 3645 1872 3727 ligneae
1895 3640 2038 3704 fibrae
2077 3648 2131 3704 in
2166 3641 2352 3704 eodem

2075 3726 2355 3809 Raphano
