2600 3952
844 194 1153 262 Mnatome
1179 191 1530 263 Plantamm,

290 314 557 383 quibufflam
569 313 875 383 vegetantibus
887 308 1172 360 observantur
1193 340 1204 375 3
1241 313 1482 377 peculiares
1484 311 1572 379 scil.
1576 311 1700 380 succi,
1716 308 1922 358 custodiae
1938 313 2077 377 gratia

292 387 443 439 affiiss:
483 394 546 439 Ita
562 392 607 437 in
631 390 765 455 populo
797 385 935 433 lentus
951 381 1137 449 quidam
1166 382 1316 430 succus
1347 391 1394 432 δι
1413 386 1554 435 flavus
1569 386 1775 447 luxuriat,
1790 400 1883 452 quo
1908 382 2077 450 fingula

292 462 447 513 foliola
469 461 725 512 ambiuntur
740 497 753 519 ‚
787 455 1091 505 &illinuntur.
1161 456 1210 500 In
1227 453 1326 513 beta,
1345 457 1499 517 lapacio‚
1533 464 1580 504 δι
1598 456 1829 519 similibus,
1854 460 1970 504 circa
1979 460 2076 522 jam

293 533 525 603 descriptas
539 532 677 599 plicas
703 535 751 577 &
778 526 1204 578 circumvolutiones
1229 525 1471 592 glutinosus
1499 527 1698 575 &lentus
1713 530 1974 592 albuminis‚
2001 534 2077 578 ovi

299 606 450 670 instar,
481 606 644 653 humor
657 600 912 662 obducitur,
939 615 1034 667 quo
1049 615 1145 648 tota
1161 596 1258 647 folii
1271 597 1472 658 latitudo,
1502 594 1672 647 sacculo
1702 616 1934 664 contenta,
1969 620 2077 650 con-

298 681 509 747 spergitur
538 682 586 724 &
603 674 769 723 madet.

357 749 656 800 Confideratis
688 764 975 815 gemmarum
1010 742 1202 808 foliolis,
1229 744 1498 813 reliquisque
1516 743 1573 793 ab
1599 740 1696 811 ipfis
1719 745 2078 812 erumpentibus,

292 826 480 872 occurrit
507 821 660 872 media
678 828 726 870 δε
743 817 967 888 profiinda
993 817 1246 883 substantia,
1273 822 1427 867 carinae
1458 817 1605 880 instar5
1631 821 1655 866 a
1669 834 1760 885 qua
1773 816 1997 866 hincinde
2012 819 2079 867 fo,

291 896 402 945 liola
417 913 663 965 emergunt.
731 897 837 943 Haec
861 908 1012 941 autem
1029 892 1245 942 tenellum
1274 892 1336 941 est
1354 892 1545 961 lignum,
1570 890 1647 939 suo
1659 894 1820 940 cortice
1832 892 2080 940 circumda-

298 965 955 1037 tum,f1brisligneis‚utriculisq3
970 964 1287 1014 medullaribus
1300 968 1605 1028 excitatum‚&
1621 960 1959 1030 frequentiffime
1975 975 2080 1014 can-

292 1042 404 1092 didis
417 1045 663 1111 contegitur
682 1039 810 1109 pilis:
847 1038 922 1088 Est
947 1041 1117 1087 etenim
1131 1038 1319 1088 tenellus
1334 1037 1521 1087 surculus
1551 1055 1656 1086 cum
1684 1036 1933 1084 futurorum
1949 1037 2078 1089 folioa

291 1135 395 1165 rum
410 1116 728 1165 inchoamentis
742 1111 1013 1181 compendio
1030 1110 1154 1179 quasi
1170 1109 1446 1161 conclusum.

357 1193 458 1239 Hoc
469 1206 589 1258 patet
605 1192 650 1237 in
675 1205 860 1257 gemma
872 1187 1016 1240 roboris
1034 1191 1082 1233 &
1097 1185 1253 1251 quercias
1269 1204 1350 1249 74,
1363 1188 1408 1232 in
1425 1201 1532 1253 qua,
1557 1183 1666 1233 sectfi
1689 1202 1769 1252 per
1786 1183 1991 1252 longum,
2006 1203 2078 1234 ex‘

293 1264 430 1331 pansa
453 1263 706 1313 oblervatur
726 1259 927 1308 medulla
947 1266 998 1322 A,
1028 1275 1124 1326 quae
1152 1259 1306 1328 ligneis
1337 1257 1456 1308 fibris
1480 1260 1520 1306 sb)
1549 1257 1916 1308 circumambitur
1932 1291 1943 1327 3
1980 1259 2082 1310 huic

293 1336 480 1387 luccedit
492 1355 642 1387 cortex
662 1337 694 1383 C
706 1351 812 1382 cum
827 1333 1040 1402 elongatis
1057 1332 1215 1400 ligneis
1229 1332 1368 1396 fibris,
1393 1337 1471 1401 qui
1488 1335 1533 1380 in
1548 1349 1741 1400 gemmae
1774 1329 1934 1381 foliola
1949 1336 1994 1381 D
2016 1332 2081 1382 la-

292 1414 498 1460 ciniatur.

360 1484 564 1534 Eandem
577 1483 839 1533 staretur-am
854 1484 1071 1530 miramur
1087 1483 1132 1527 in
1141 1479 1247 1547 fictis
1263 1496 1321 1542 75
1341 1496 1642 1547 gemma‚quae
1661 1477 1936 1546 perlongum
1950 1481 2082 1540 secta,

292 1558 379 1617 una
397 1575 502 1604 cum
516 1571 721 1603 extremo
737 1552 906 1602 surculo
921 1551 1170 1599 medullam
1185 1556 1240 1600 A
1248 1551 1504 1614 candidam,
1518 1552 1715 1600 utriculis
1731 1556 1989 1617 excitatam,
2005 1574 2080 1604 ex-

290 1628 414 1678 hibet
431 1647 441 1675 ε
477 1632 591 1677 Non
601 1627 734 1694 longe
760 1624 817 1672 ab
833 1623 913 1670 hac
928 1625 1119 1670 excurrit
1134 1623 1279 1691 lignea
1294 1628 1460 1689 portio,
1479 1621 1597 1670 fibris
1612 1630 1658 1671 δι
1677 1623 1828 1671 fistulis
1842 1628 1882 1672 fi
1900 1644 2082 1676 contex-

290 1716 352 1766 ta,
364 1720 462 1770 quae
479 1698 615 1770 usque
634 1700 690 1749 ad
709 1701 884 1767 apicem
899 1695 1133 1763 producta,
1147 1699 1413 1765 propagines
1427 1699 1459 1745 C
1470 1699 1516 1744 in
1529 1692 1743 1744 foliorum
1764 1696 1932 1746 radices
1947 1701 2084 1750 trans-

292 1778 444 1824 mittit.
512 1778 561 1823 In
574 1771 776 1821 medulla
791 1811 805 1833 ‚
836 1772 952 1816 intra
976 1786 1214 1836 gemmam
1247 1768 1452 1820 conclusa
1468 1809 1481 1831 ‚
1507 1769 1734 1817 nodorum
1750 1769 2008 1821 rudimenta
2034 1777 2081 1822 D

291 1862 539 1915 emergunt.
606 1849 721 1894 Inter
743 1842 912 1892 caduca
926 1836 1036 1890 folia
1054 1845 1109 1904 E,
1135 1842 1306 1892 stabilia
1320 1844 1359 1890 F
1366 1858 1548 1910 quoque
1564 1841 1781 1893 locantur.
1850 1844 1923 1892 Ad
1937 1846 2075 1896 basim

293 1937 480 1970 exaratae
492 1936 685 1989 gemmae
714 1915 851 1965 sectus
864 1910 1032 1965 futurus
1042 1911 1203 1965 fructus
1229 1915 1510 1977 observatur,
1543 1915 1600 1963 ad
1627 1920 1748 1982 cujus
1762 1934 1970 1967 exortum
1984 1939 2080 1969 me-

291 1995 417 2046 dulla
442 1994 746 2060 Gelongatur‚
765 2006 862 2057 quae
888 1987 1043 2056 ligneis
1069 1986 1191 2037 fibris
1208 1993 1270 2041 H
1285 1991 1604 2058 circumdatur3
1638 1990 1714 2040 has
1740 1992 1884 2040 ambit
1908 1993 2082 2043 deriva-

294 2084 363 2118 tus
395 2081 546 2115 cortex
579 2067 629 2125 1,
661 2066 686 2109 a
714 2078 809 2128 quo
840 2059 1012 2121 foliola,
1044 2077 1332 2125 gemmarum
1361 2063 1512 2123 instar,
1546 2063 1764 2111 tenellum
1789 2059 1982 2114 frustum
2009 2064 2075 2112 fo-

295 2153 414 2192 vent.

362 2207 629 2257 Plantarum
654 2206 785 2271 igitur
800 2198 952 2261 foetus,
986 2199 1142 2247 laxatis
1170 2217 1460 2267 gemmarum
1490 2201 1732 2269 repagulis,
1766 2219 1970 2270 turgente
1990 2205 2072 2254 ali-

296 2280 452 2330 monia
478 2294 661 2345 augetur
687 2274 939 2341 inspeciem
952 2267 1126 2334 surculi,
1144 2273 1260 2321 unde
1272 2275 1523 2323 internodia
1550 2274 1815 2342 elongantur
1830 2313 1844 2338 ,-
1877 2274 2077 2347 foliaque

295 2354 492 2402 austiora
507 2348 765 2398 redduntur.

361 2418 633 2491 Hujusmodi
651 2423 978 2469 incrementum
1002 2417 1158 2485 paffim
1176 2416 1434 2470 oblervatur
1449 2423 1495 2468 in
1511 2419 1737 2470 arboribus
1755 2461 1768 2484 ,
1801 2429 1848 2472 &
1862 2423 2081 2490 praecipue

295 2503 343 2550 in
354 2499 535 2566 castaneis
548 2496 630 2558 76,
655 2497 702 2542 in
717 2491 877 2562 quibus
893 2531 906 2554 ‚
929 2490 1253 2558 emergentibus
1266 2493 1444 2542 costulis
1467 2491 1633 2542 fibrofis
1647 2535 1660 2558 ‚
1693 2494 1868 2543 striatus
1893 2493 2080 2543 efficitur

296 2579 347 2622 &
362 2572 559 2640 plurium
570 2564 838 2635 angulorum
860 2562 1051 2613 surculus
1068 2596 1080 2631 3
1115 2583 1223 2614 nam
1243 2565 1459 2635 elongatis
1475 2566 1736 2616 internodiis
1761 2573 1812 2630 A,
1843 2571 2079 2635 geminum

298 2644 461 2701 folium
481 2641 702 2691 caducum
716 2640 755 2685 ΞΒ
769 2641 963 2705 erumpit
979 2677 992 2698 ,
1012 2637 1198 2704 pediolo
1227 2635 1323 2688 folii
1358 2639 1522 2687 stabilis
1548 2643 1580 2688 C
1599 2639 1789 2702 haerens,
1821 2639 2080 2709 singulaque

298 2716 400 2789 pilis
424 2721 473 2765 &
489 2710 629 2780 fungis
653 2726 878 2760 ornantur.
947 2711 1070 2758 Folia
1092 2713 1243 2778 itaque
1270 2709 1427 2760 surculi
1446 2711 1731 2761 medietatem
1747 2717 1939 2762 tenentia
1953 2717 2079 2765 citius

298 2789 537 2860 grandiora
556 2783 795 2836 redduntur
809 2824 822 2847 ,
844 2790 892 2833 &
915 2799 1014 2851 quae
1047 2783 1166 2833 basin
1194 2803 1388 2853 gemmae
1405 2826 1418 2849 ‚
1444 2785 1518 2836 vel
1544 2784 1673 2855 ipfius
1702 2788 1878 2855 apicem
1901 2805 2048 2837 tenent
2062 2828 2078 2850 ,

300 2862 531 2932 postremo
549 2854 818 2928 adolescunt.
838 2926 841 2929 ῃ
1187 2925 1191 2929 ῃ

368 2932 584 2985 Foecunda
597 2934 781 2981 Naturae
799 2931 866 2978 vis
882 2933 928 2979 in
941 2926 1233 2998 gubernandis
1258 2936 1507 2983 viventium
1533 2923 1759 2982 ordinibus
1786 2935 1945 2982 eadem
1974 2931 2078 2999 fere,

301 3006 377 3057 vel
394 3005 544 3055 saltem
559 3003 764 3070 analoga,
781 3001 1011 3068 methodo,
1037 3006 1254 3073 perpetuo
1280 3006 1484 3055 incedere
1498 3005 1683 3054 videtur.
1750 3009 1979 3055 Animalium
1992 3023 2078 3074 per,

291 3085 488 3153 festorum
498 3078 759 3128 struituram
774 3074 831 3123 ab
851 3094 941 3126 ovo
952 3095 1257 3146 emergentem
1272 3079 1479 3127 continu&⁴
1496 3081 1700 3127 auctione
1725 3119 1738 3141 ,
1768 3085 1815 3128 &
1838 3084 2079 3130 nutritione

302 3151 359 3200 ad
375 3151 573 3202 debitam
589 3147 941 3216 magnitudinem
956 3150 1465 3219 deducit‚agglomeratis
1483 3156 1612 3202 novis
1627 3153 1847 3221 particulis
1860 3155 2080 3221 prioribus

304 3230 352 3274 &
367 3227 463 3291 jam
476 3220 869 3292 praeexistentibt1s3
903 3242 955 3272 ea
970 3242 1125 3273 tamen
1144 3230 1333 3289 ratione,
1347 3242 1394 3274 ut
1417 3228 1463 3274 in
1475 3243 1742 3296 quocunque
1766 3232 1985 3277 auctionis
1998 3230 2080 3280 sta-

304 3315 350 3347 tu
374 3297 537 3346 eadem
561 3301 775 3364 primaeva
796 3292 940 3345 forma
968 3305 1016 3347 &
1035 3317 1192 3347 natura
1220 3316 1556 3349 manuteneatur
1572 3340 1585 3362 ‚
1614 3301 1735 3350 nulla
1761 3320 2014 3371 emergente
2027 3305 2098 3355 de.

303 3387 425 3420 novo
442 3369 648 3419 animalis
665 3387 788 3436 parte
805 3385 958 3436 praeter
972 3372 1115 3420 dentes
1129 3378 1176 3421 δε
1188 3392 1352 3421 cornua
1371 3393 1381 3421 :
1420 3378 1467 3421 In
1484 3375 1640 3441 bzseftis
1654 3394 1822 3440 autem,
1848 3378 1965 3428 ultra
1979 3398 2083 3448 aug-

303 3460 523 3506 mentum,
539 3441 716 3491 diversis
732 3441 883 3491 dicam
911 3445 1119 3507 maribus,
1145 3463 1305 3513 partes,
1332 3464 1526 3513 quarum
1542 3448 1667 3497 rudia
1688 3449 2012 3502 delineamenta
2038 3457 2085 3501 in

303 3519 530 3582 juventute
554 3514 783 3567 latitabant
802 3557 815 3579 ,
848 3534 1096 3586 emergunt,
1116 3518 1266 3586 qualia
1304 3516 1400 3568 sunt
1413 3520 1507 3585 alae,
1534 3539 1749 3587 antennae,
1774 3531 1820 3575 δι
1837 3526 1964 3578 simil.
2033 3530 2081 3573 In

1321 3598 1365 3640 O
1958 3600 2079 3647 Plan*
