2638 3926
1035 200 1134 266 De
1171 202 1352 263 Galla:

261 342 458 405 surculi.
550 340 609 400 ln
632 336 867 400 conclusa
904 334 1125 397 medulla
1148 339 1336 395 vermis
1364 335 1417 396 E
1440 335 1685 395 conditur
1707 362 1717 395 :
1759 337 1983 419 superior
1999 360 2073 401 ta-

262 452 383 488 men
409 423 585 486 surculi
604 427 788 508 portio
807 423 861 481 F
882 420 1153 483 obliterata
1177 417 1417 494 medulla,
1461 440 1687 480 vacuum
1708 420 1944 502 relinquit
1967 425 2072 507 spa-

263 516 415 573 cium.

348 593 535 655 Media
558 616 765 677 quoque
782 593 1060 670 vegetantis
1083 608 1299 671 gemmae
1336 590 1520 671 portio
1561 587 1880 671 quandoque
1929 613 2073 653 mor-

264 679 387 739 bida
405 678 652 739 redditur.
738 675 799 734 ln
835 673 1050 745 Qercu
1074 671 1229 754 (38.)
1254 695 1362 734 non
1398 671 1544 734 semel
1582 671 1819 756 elongata
1856 698 2073 757 gemmae

263 768 434 824 carina
461 763 518 820 A
541 764 595 822 in
625 779 859 819 naturam
885 754 1075 829 surculi,
1119 755 1397 841 emissique
1433 756 1621 818 foliolis
1646 756 1908 819 stabilibus
1943 758 2014 834 B,
2040 761 2071 819 ὸ.

261 847 418 908 latere
442 864 619 904 tumor
641 843 686 900 C
710 843 937 922 emergit,
980 864 1048 901 ex
1073 841 1295 903 conditis
1318 841 1606 903 muscarum
1626 846 1743 903 ovis
1766 866 1778 903 :
1819 844 2073 927 reliquum

261 933 389 992 vero
416 923 595 988 surculi
617 925 680 982 D
697 923 906 983 tandem
930 926 1257 987 contabescit.

346 1014 406 1073 In
445 1009 550 1092 ipss
573 1011 763 1090 pariter
791 1008 1009 1080 Quercu
1032 1011 1196 1093 (39.)
1217 1011 1530 1095 quandoque
1555 1013 1586 1071 ὲ
1611 1035 1825 1095 gemmae
1848 1011 1954 1073 basi
1988 1036 2071 1072 ca-

261 1097 406 1158 ducis
434 1093 624 1154 foliolis
647 1094 704 1152 A
732 1095 1067 1170 circumdata,
1110 1094 1332 1155 surculus
1363 1094 1414 1152 B
1436 1095 1707 1171 attollitur,
1748 1099 1839 1178 qui
1874 1096 2070 1157 stabilia

261 1180 388 1242 folia
404 1182 447 1240 C
474 1178 786 1264 promendo,
828 1177 1214 1239 contabescente
1239 1181 1404 1259 apice,
1446 1181 1498 1238 in
1534 1178 1745 1239 Gallam
1767 1181 1829 1237 D
1852 1184 2072 1240 vertitur

263 1265 501 1338 viridem,
531 1269 583 1323 ὃς
610 1262 855 1335 mollem,-
898 1285 1015 1345 quae
1049 1261 1285 1324 tubuloffa
1330 1262 1558 1344 superius
1593 1263 1811 1339 reddita,
1852 1262 1997 1346 quafi
2020 1268 2074 1325 in

264 1348 451 1410 folium
471 1346 737 1407 laciniatur
759 1372 774 1418 3
816 1347 1017 1407 stervato
1040 1350 1177 1408 intus
1199 1352 1250 1408 in
1277 1345 1381 1405 bafi
1406 1347 1702 1407 vermicu10.

350 1430 768 1514 Frequentiffime
813 1431 981 1490 tenelli
1020 1431 1201 1491 surculi
1237 1448 1502 1490 extremus
1529 1453 1668 1515 apex
1705 1435 1758 1494 in
1785 1430 1857 1492 sui
1880 1439 2073 1516 generis

268 1516 479 1577 Gallam
503 1514 750 1575 morbose
774 1517 1012 1574 vertitur.
1100 1516 1182 1574 lta
1206 1513 1460 1575 menfibus
1477 1515 1634 1597 Junii,
1677 1521 1729 1576 ὃ(
1749 1514 1886 1577 Maii
1907 1521 2071 1578 intue-

267 1624 386 1662 mur
407 1603 460 1659 in
485 1599 702 1671 Qercu
725 1598 753 1678 ζ
754 1601 877 1680 40.)
902 1598 1046 1677 cujus
1071 1599 1311 1680 quaedam
1336 1622 1571 1679 gemmae,
1613 1599 1829 1660 discuffis
1866 1602 2072 1662 caducis

267 1683 457 1743 foliolis
485 1683 560 1755 A,
604 1681 883 1763 surculique
923 1681 1093 1741 carina
1116 1680 1166 1738 ,Β
1195 1679 1414 1741 craffiori
1447 1681 1673 1757 reddita,
1711 1682 1913 1744 stabilia
1943 1685 2072 1745 folia

269 1771 314 1830 C
331 1771 587 1839 emittunt,
629 1787 742 1848 quae
774 1765 864 1826 suo
888 1764 1088 1848 petiolo
1125 1788 1294 1827 novas
1330 1764 1516 1826 fovent
1553 1789 1780 1849 gemmas
1798 1767 1892 1841 D,
1933 1791 2074 1850 apex

267 1870 440 1913 autem
465 1850 737 1932 turgidior‚
781 1857 833 1911 ὃ(
856 1849 1020 1910 ovalis
1036 1849 1142 1910 fere
1163 1850 1408 1926 redditus,
1451 1855 1693 1933 perennia
1715 1874 1928 1933 quoque
1950 1851 2074 1911 folia

269 1937 324 1995 E
342 1939 476 1996 inter
504 1935 697 1995 caduca
722 1938 929 2010 emittit,
971 1938 1025 1995 in
1051 1934 1237 2016 quibus
1272 1934 1534 1995 interdum
1563 1957 1682 1995 uvae
1715 1938 1970 2015 quercinae
1997 1938 2072 1994 in-

271 2021 641 2081 choamentum
668 2017 724 2075 F
738 2023 951 2079 miratus
967 2017 1089 2078 sum.
1181 2017 1359 2098 Hujus
1384 2020 1699 2090 extremitas,
1736 2041 1852 2101 quae
1874 2021 1928 2079 in
1962 2017 2072 2080 lon-

270 2110 467 2189 giorem
506 2102 716 2163 extendi
751 2102 973 2163 debebat
1007 2101 1279 2178 surculum,
1319 2106 1373 2164 in
1401 2101 1580 2163 foliola
1604 2101 1678 2176 G,
1718 2121 1986 2182 tamquam
2020 2108 2075 2165 in

271 2189 493 2262 laciniaS,
532 2186 785 2247 dividitur
813 2212 825 2247 :
866 2190 1001 2248 intus
1039 2187 1340 2246 conduntur
1375 2185 1622 2245 animalia.
1708 2184 1788 2244 Et
1822 2190 2075 2267 quoniam

274 2275 417 2332 varia
440 2270 511 2330 est
540 2268 690 2347 hujus
713 2269 884 2327 Gallae
922 2269 1125 2339 forma3
1166 2270 1287 2328 ideo
1323 2269 1517 2350 placuit
1560 2267 1773 2328 alter-am
1801 2269 1991 2331 addere
2014 2273 2075 2331 fi-

275 2376 475 2438 guram,
515 2356 567 2411 in
605 2374 706 2433 qua
742 2351 809 2409 ab
844 2371 1080 2410 extremo
1106 2349 1306 2410 surculo
1327 2350 1395 2408 H
1404 2350 1570 2412 ovalis
1607 2352 1863 2413 attollitur
1895 2373 2075 2416 tumor

275 2439 462 2522 ligneus
488 2434 536 2511 I,
578 2437 608 2494 a
631 2458 741 2517 quo
764 2432 888 2494 folia
912 2433 989 2509 K,
1030 2439 1083 2494 ὃς
1113 2457 1328 2517 gemmae
1354 2436 1403 2495 L
1421 2453 1665 2496 exortum
1691 2438 1921 2514 trahunt,
1961 2437 2074 2499 suo-

278 2547 377 2606 que
396 2541 629 2602 tempore
652 2536 895 2602 vegetant
915 2545 930 2592 3
972 2517 1091 2578 licet
1118 2536 1291 2580 tamen
1314 2521 1505 2604 parum
1520 2517 1831 2598 excrescant,
1872 2529 1926 2583 &
1943 2521 2077 2584 facta.

281 2628 399 2666 cum
435 2603 636 2686 reliquis
673 2607 1082 2686 comparatione,
1122 2607 1330 2664 minima
1366 2605 1597 2667 existant.
1688 2604 1857 2667 Semel
1896 2607 2006 2668 vidi
2044 2608 2078 2667 ὲ.

281 2690 386 2750 bafi
412 2688 691 2772 gemmaeL
706 2706 946 2749 exortam
974 2687 1239 2771 postremo
1258 2687 1469 2750 Gallam
1489 2689 1585 2765 Μ
1626 2687 1790 2773 longo
1818 2691 2079 2752 firmatam

283 2771 555 2859 pedicu103
601 2772 631 2831 ὲ
664 2795 766 2855 qua
799 2772 1008 2832 tandem
1039 2771 1208 2832 musca
1239 2773 1486 2836 evolavit.
1573 2772 1717 2834 Secta
1756 2774 1867 2835 haec
1901 2773 2075 2849 Galla,

284 2882 397 2940 quae
435 2857 610 2941 ligneis
658 2857 820 2933 fibris,
862 2863 916 2918 &
953 2861 1146 2917 cortice
1182 2858 1403 2935 constat,
1448 2881 1518 2919 ex
1556 2877 1806 2942 corrupta
1855 2857 2076 2919 medulla

285 2946 667 3003 concavitatem
693 2941 760 3000 N
773 2941 1010 3017 exhibet,
1050 2940 1257 3002 inferius
1280 2946 1405 3004 vero
1448 2941 1693 3004 cubantes
1717 2964 1912 3004 vermes
1938 2942 1982 3000 0
2000 2943 2077 3003 in-

288 3027 446 3087 dicat.

371 3108 527 3171 Tota
547 3111 755 3172 tandem
771 3111 1029 3173 interdum
1052 3114 1103 3172 in
1121 3110 1337 3182 Quercu
1349 3113 1505 3196 (41.)
1526 3131 1736 3198 gemmae
1759 3110 2078 3189 stm&ura,a-

292 3195 450 3278 depta
472 3197 855 3278 compendiaria
869 3193 1010 3280 quafi
1023 3193 1199 3256 surculi
1217 3197 1404 3274 forma,
1443 3193 1723 3278 emissisque
1737 3194 1875 3259 foliis
1897 3196 2081 3259 stabili-

292 3278 386 3339 bus
405 3279 479 3353 A,
492 3286 543 3340 &
557 3279 815 3362 produffis
830 3278 1041 3342 novellis
1064 3284 1274 3364 gemmis
1299 3280 1368 3356 B,
1385 3278 1587 3340 craffior
1601 3277 1816 3341 efficitur
1839 3305 1855 3354 3
1897 3287 1950 3342 &
1968 3281 2077 3342 bre·

294 3362 516 3423 viffima:
558 3368 694 3424 intus
718 3368 843 3424 vero
868 3364 1101 3426 tubulola
1135 3364 1366 3425 redditur
1387 3386 1453 3424 ex
1477 3386 1651 3425 verme
1678 3364 1957 3426 medullam
1991 3365 2080 3426 de-

294 3444 541 3530 pascente,
580 3451 671 3531 qui
703 3449 912 3509 tandem
935 3449 1073 3508 facto
1102 3448 1370 3524 foramine,
1410 3452 1550 3510 viam
1572 3447 1662 3508 fibi
1686 3452 1870 3533 quaerit
1897 3454 1949 3511 in
1972 3446 2080 3507 basi

297 3532 360 3604 C,
401 3534 453 3589 ὅ(
476 3531 733 3612 postremo
771 3531 987 3594 fiirculus
1026 3532 1334 3614 hujusmodi,
1381 3531 1432 3594 su
1498 3532 1634 3594 rstite
1672 3539 1878 3610 cortice,
1919 3538 1970 3591 &
1990 3530 2078 3616 lig-

296 3617 396 3674 neis
417 3613 715 3697 quibusdam
740 3617 929 3695 fistulis,
970 3617 1258 3702 frequenter
1284 3557 1540 3679 marasrsio
1568 3618 1759 3680 deficit.

1150 3697 1210 3764 K
1818 3698 2086 3764 Recentes

2140 236 2207 295 33
