2600 3952
887 169 1200 239 QAnatome
1226 164 1570 237 Plancarum.

384 287 611 339 Arborum
635 294 764 358 igitur
779 298 826 340 ὅτ,
842 288 1052 336 similium
1061 287 1253 349 Trunci,
1277 290 1468 356 indeque
1483 309 1754 359 emergentes
1767 294 1920 355 Rami,
1950 295 2079 339 novis

318 362 520 428 quolibet
530 384 647 414 anno
659 365 811 413 additis
827 362 980 429 ligneis
996 359 1237 409 involucris
1253 367 1618 429 compaginantur
1633 397 1645 428 3
1678 366 1795 414 unde
1808 384 2005 434 proceres
2020 360 2074 413 af

317 434 494 504 surgunt
506 442 643 485 etiam
655 436 866 496 caudices,
888 436 1037 500 quiex
1062 430 1274 480 fibrarum
1309 433 1615 499 implicatione
1642 437 1867 488 solidiores
1893 439 2081 499 redditi,

317 525 554 557 ventorum
584 512 772 574 impetus
800 512 848 555 &
874 510 1070 555 materiae
1089 506 1261 572 pondus
1286 503 1494 556 sustinere
1506 507 1670 556 valent.
1739 516 1786 557 In
1801 513 2079 566 Herbisvero

315 580 566 648 assurgentes
595 579 782 647 quidam
796 579 998 628 cauliculi
1014 621 1027 642 ,
1061 598 1254 648 quorum
1283 580 1607 629 delineavimus
1619 582 1860 649 segmenta,
1883 604 1933 633 ut
1944 589 2078 654 pluri-

314 671 443 699 mum
453 649 642 720 dispersis
654 671 732 722 per
746 653 991 702 medullam
1002 652 1216 701 fibrarum
1230 659 1275 701 &
1290 653 1570 702 trachearum
1586 649 1811 717 fasciculis,
1836 656 1984 723 ligneo
1998 666 2078 708 cir-

312 725 413 775 culo
451 729 638 775 exterius
675 728 980 776 circumdudio
1013 744 1360 794 componuntur.
1432 733 1586 792 Qare
1627 730 1732 778 cum
1760 727 1849 778 fere
1879 739 2079 783 annotini

309 798 407 860 fint,
433 801 479 846 in
505 800 568 848 his
602 804 813 849 auCtionis
848 802 1020 851 ordines
1041 819 1135 848 non
1158 801 1420 862 succedunt3
1458 807 1503 849 &
1538 802 1642 849 cum
1678 802 1835 853 laxiori
1863 803 2080 855 donentur

310 889 545 941 compage,
558 891 841 923 externorum
855 877 1021 942 injuriis
1035 871 1163 923 facile
1178 874 1351 923 cedunt.
1387 880 1545 926 Unum
1566 872 1727 923 habent
1741 876 1951 944 plaerique
1967 883 2081 928 Her-

309 945 469 997 barum
495 950 699 998 cauliculi
720 970 961 1001 commune
987 969 1092 999 cum
1112 949 1375 1018 quibusdam
1406 949 1651 999 Arboribus
1666 993 1679 1014 ,
1711 951 2000 1019 &stipitibus,
2026 957 2083 1004 ad

308 1027 450 1089 majus
466 1022 597 1072 robur
610 1031 657 1073 δι’,
673 1029 932 1075 oeconomiae
955 1024 1254 1074 commodum
1270 1058 1281 1092 3
1317 1025 1448 1073 Nodos
1463 1022 1639 1087 scilicet,
1668 1031 1746 1093 qui
1765 1026 1934 1074 articuli
1951 1035 1997 1077 ὃς
2017 1034 2081 1077 in-

306 1096 481 1144 terdum
495 1099 696 1166 genicula
708 1101 1010 1168 appellantur:
1049 1098 1121 1147 Ab
1149 1098 1399 1165 hujusmodi
1423 1117 1622 1167 namque
1647 1099 1899 1149 tumoribus
1909 1106 2083 1170 genien„

305 1169 434 1219 latim
448 1173 523 1220 vel
550 1173 819 1225 articulatim
842 1177 1059 1243 prodeunt
1085 1178 1238 1222 Rami.
1306 1175 1482 1221 Horum
1509 1173 1717 1222 structura
1740 1179 1854 1224 mira
1867 1176 1946 1240 est,
1973 1181 2084 1226 &in

306 1243 548 1310 arboribus,
562 1247 827 1316 reliquisque
842 1250 1027 1296 durioris
1055 1254 1102 1296 δι
1119 1249 1326 1295 ειυᾶὶίοῐίε
1351 1250 1643 1315 compaginis,
1670 1249 1860 1297 omnino
1888 1249 2082 1299 obscura.

305 1321 460 1381 Qare
473 1321 613 1388 ipsam
627 1326 784 1372 rimari
802 1323 979 1390 expedit
994 1325 1042 1369 in
1053 1320 1212 1381 Caule,
1239 1323 1359 1385 cujus
1380 1321 1515 1388 lignei
1529 1318 1719 1369 fasciculi
1734 1327 1875 1390 magis
1891 1323 2053 1372 distant
2068 1366 2081 1388 ,

303 1395 351 1437 &
375 1390 567 1459 ipsarum
581 1396 781 1445 ambiens
793 1396 990 1445 medulla
1004 1398 1305 1444 maceratione
1321 1393 1549 1443 obliterari
1563 1394 1720 1462 potest,
1735 1399 1794 1444 ita
1807 1413 1853 1444 ut
1875 1397 2083 1465 quaelibet

302 1460 419 1513 fibrae
434 1469 608 1535 integrae
624 1467 810 1536 separari
823 1471 990 1536 poffint.
1037 1473 1085 1515 In
1103 1470 1205 1515 caule
1222 1470 1367 1534 itaque
1372 1473 1492 1532 grani
1505 1467 1658 1517 Turcici
1673 1473 2082 1532 macerati,2zod0rum

303 1539 565 1605 compositio
575 1543 724 1588 minus
748 1541 927 1587 obscura
939 1558 1027 1606 prae
1043 1542 1203 1586 caeteris
1218 1554 1350 1586 extat.
1418 1539 1493 1586 Est
1509 1556 1657 1588 autem
1671 1542 1787 1589 nodus
1801 1543 2085 1606 ramificatio,

300 1627 508 1680 novaque
534 1612 811 1683 implicatio,
845 1628 895 1660 ut
930 1618 977 1661 &
1006 1616 1202 1662 recentia
1228 1608 1336 1659 folia
1375 1628 1639 1681 erumpant,
1679 1631 1954 1683 gemmaque
1981 1635 2082 1684 pro-

300 1701 463 1735 matur.

367 1759 455 1811 Sub
469 1762 605 1810 oculis
622 1767 749 1812 icone
762 1764 874 1813 mihi
889 1783 983 1812 non
995 1763 1118 1813 licuit
1133 1767 1356 1833 integrum
1367 1764 1557 1828 nodum,
1584 1764 1770 1834 fingulas
1770 1765 1857 1831 scil.
1875 1765 2083 1832 implica-

300 1846 361 1879 tas
378 1831 523 1896 fibras,
550 1853 788 1904 apponere,
813 1836 884 1885 sed
900 1833 1109 1886 facilioris
1139 1837 1439 1906 intelligentiae
1452 1840 1589 1906 gratia
1605 1838 1770 1906 placuit
1784 1837 1930 1886 fibrofi
1960 1841 2087 1886 unius

298 1902 490 1956 fasciculi
506 1912 560 1976 38
593 1910 938 1978 produdfionem
965 1909 1201 1960 delineare.
1271 1910 1480 1975 Quilibet
1502 1910 1751 1960 fistularum
1768 1909 1995 1960 fasciculus
2011 1929 2085 1980 per

299 1981 559 2030 interiorem
590 1984 844 2032 medullam
856 1982 1063 2050 dispersus
1079 2024 1092 2046 ,
1129 1985 1268 2051 paulo
1297 1983 1414 2032 infra
1431 1985 1603 2034 nodum
1616 1988 1880 2052 propagines
1897 1988 2085 2051 emittit3

300 2071 492 2122 quarum
506 2055 662 2124 aliquae
675 2063 727 2120 A,
743 2057 965 2106 interdum
982 2060 1193 2125 contiguo
1206 2052 1411 2104 fasciculo
1425 2057 1746 2119 inoscuhmcur,¹
1781 2058 1959 2123 reliquae
1975 2058 2087 2105 vcro

301 2129 343 2175 (13
354 2134 567 2196 proximis
580 2129 698 2179 fibris
711 2134 742 2178 C
757 2130 988 2193 affociatae,
1000 2131 1024 2178 31
1039 2148 1192 2178 centro
1207 2132 1358 2179 versus
1381 2130 1680 2198 peripheriam
1695 2130 1907 2193 deduilae,
1933 2149 2082 2177 occur*

302 2219 443 2251 rentes
458 2200 638 2251 fibrosos
662 2199 881 2252 fasciculos
895 2201 1218 2270 superequitant
1245 2202 1435 2268 eleganti
1465 2202 1800 2269 implicatione3
1833 2206 1943 2249 inter
1959 2203 1999 2250 se
2012 2222 2084 2250 au,

300 2290 396 2322 tem
411 2275 760 2338 anastomizatae,
774 2292 867 2325 rete
884 2279 928 2323 D
943 2275 1247 2337 efformant,&
1265 2274 1447 2321 tandem
1459 2278 1671 2323 corticem
1684 2271 1966 2342 perforandO,
1984 2294 2083 2343 par—

301 2349 384 2396 tim
398 2351 445 2395 in
459 2348 690 2398 novellam
703 2367 952 2418 gemmam,
963 2352 1131 2415 partim
1150 2352 1195 2396 in
1209 2344 1373 2396 folium
1388 2345 1687 2396 absumuntur.
1738 2351 1781 2395 A
1798 2349 2088 2417 penitioribus

302 2423 432 2490 igitur
443 2440 737 2491 erumpenteS,
755 2426 1022 2472 exteriorem
1045 2421 1152 2470 nodi
1166 2438 1342 2490 partem
1360 2422 1509 2470 taliter
1523 2439 1779 2488 percurrunt
1801 2442 1811 2470 ;
1848 2422 1941 2471 Ubi
1963 2427 2086 2471 enim

302 2494 359 2543 ab
372 2495 609 2546 interstitiis
622 2495 837 2546 fibrarum
851 2495 1277 2564 lignearum,quibus
1290 2499 1479 2543 exterior
1496 2494 1688 2543 ambitus
1704 2499 1929 2556 excitatur,
1943 2514 2085 2544 emer-

303 2585 428 2635 gunt,
439 2570 590 2619 statim
601 2573 648 2617 in
659 2586 748 2619 rete
764 2576 802 2619 E
815 2568 1101 2636 implicantur
1117 2600 1130 2631 3
1166 2574 1213 2616 δι
1226 2569 1409 2616 tandem
1431 2567 1626 2636 ipsarum
1653 2567 1876 2617 nonnullae
1894 2609 1906 2631 ,
1940 2569 2085 2617 asten-

304 2640 508 2691 dentibus
541 2640 706 2692 fibrosis
732 2640 940 2691 fasciculis
969 2644 1006 2690 F
1029 2646 1158 2691 unitae
1175 2682 1189 2704 ,
1223 2637 1390 2690 sursum
1407 2642 1708 2710 producuntur
1724 2684 1737 2707 ,
1771 2642 1927 2711 aliquae
1952 2647 1998 2691 in
2021 2640 2086 2690 fo-

306 2714 367 2765 lia
383 2716 676 2779 difamantur,
699 2715 878 2783 reliquae
903 2714 959 2765 ad
974 2717 1108 2764 latera
1134 2715 1369 2784 obliquatae
1387 2720 1439 2778 G,
1474 2719 1520 2763 in
1543 2734 1777 2784 gemmam
1803 2717 2055 2784 diriguntur.

372 2791 515 2839 Nudus
531 2794 662 2859 igitur
675 2789 738 2838 est
752 2789 987 2858 productio
1001 2794 1184 2838 recentis
1195 2788 1355 2839 sobolis
1382 2793 1430 2837 in
1445 2788 1564 2838 fibris
1576 2789 1730 2858 ligneis
1747 2796 1794 2838 δι
1811 2790 1993 2839 tracheis
2009 2831 2021 2852 ,
2039 2805 2088 2837 ut

308 2866 493 2913 exterius
505 2865 702 2914 derivata
713 2868 760 2912 in
778 2880 898 2911 nova
918 2860 1039 2926 folia,
1064 2870 1109 2912 ὃ(
1126 2863 1334 2931 plantulae
1359 2862 1592 2926 fiirculum,
1592 2863 1678 2929 scil.
1695 2882 1943 2932 gemmam,
1959 2881 2086 2910 com-

307 2941 527 3006 pingatur.
572 2942 629 2987 Et
645 2942 865 3006 quoniam
885 2933 1004 2986 fortis
1020 2937 1271 3005 exigebatur
1285 2936 1486 2985 alimenti
1501 2937 1696 2999 miscela,
1725 2944 1771 2985 &
1789 2936 1924 2984 caulis
1943 2936 2089 3012 roburj

311 3010 413 3061 ideo
425 3028 604 3061 exarata
619 3009 830 3060 fibrarum
861 3010 1108 3079 implicatio
1133 3009 1365 3059 necessaria
1380 3007 1478 3058 fuit.
1547 3014 1773 3059 Interiores
1787 3008 1998 3059 fibrarum
2026 3008 2089 3059 fa-

311 3083 573 3134 sciculicum
587 3083 865 3133 exterioribus
897 3088 1249 3146 communicant,
1278 3090 1325 3130 &
1354 3084 1378 3131 a
1401 3082 1573 3150 {iugulo
1587 3080 1792 3132 fasciculo
1822 3083 2089 3152 multiplices

311 3175 578 3226 promuntur
602 3157 777 3225 fistulae3
809 3175 943 3226 quare
965 3156 1058 3206 aliae
1072 3155 1253 3218 sursum,
1279 3155 1372 3205 aliae
1387 3159 1431 3204 in
1450 3153 1576 3221 folia,
1600 3157 1770 3225 reliqua
1798 3160 1844 3206 in
1857 3176 2091 3226 gemmam

312 3230 526 3282 desinunt.
594 3238 644 3281 In
658 3231 899 3295 arboribus,
911 3233 987 3281 ubi
1000 3237 1113 3283 rami
1129 3231 1444 3299 producuntur,
1469 3232 1718 3281 reticulares
1728 3249 1910 3300 quoque
1927 3251 2089 3302 propa-

313 3309 436 3374 gines
449 3308 473 3356 a
489 3305 690 3374 quolibet
715 3306 863 3374 ligneo
889 3308 1124 3357 involucro
1142 3321 1427 3374 promuntur,
1446 3324 1542 3374 quae
1556 3310 1683 3355 unitae
1703 3305 1954 3374 cylindrum
1971 3308 2097 3358 effor-

314 3397 458 3444 mant,
485 3397 665 3429 ramum
679 3377 766 3442 scil.
785 3379 1065 3430 consimilem
1099 3395 1285 3443 trunco3
1319 3377 1437 3425 unde
1461 3381 1508 3426 in
1536 3377 1728 3448 utrisque
1746 3382 1937 3431 anatura
1963 3382 2096 3431 delati

317 3454 516 3503 alimenti
530 3453 646 3503 rudis
658 3451 857 3502 miscella
871 3470 1172 3521 promovetur.

378 3526 554 3576 Taliter
570 3530 940 3596 compaginantur
956 3524 1120 3576 Caules
1143 3532 1190 3575 &
1210 3524 1429 3574 Caudices
1456 3527 1741 3594 quorundum
1768 3531 2016 3593 Fruticum3
2050 3542 2099 3574 ut

1333 3602 1391 3648 M
1955 3599 2094 3668 pluri-
