2600 3952
742 178 1079 251 QAnatomes
1125 176 1456 245 ‘Plantamm
1494 181 1698 247 Idem.

365 305 426 351 cis
439 315 595 353 teneat.
640 306 755 352 Hinc
768 299 946 369 patebit,
963 300 1053 365 qua
1071 300 1237 346 ratione
1253 299 1424 367 singulis
1452 308 1576 352 annis
1587 320 1760 353 novum
1773 299 2141 363 additamentum,

363 379 512 430 circuli
526 379 656 429 instar
672 379 873 446 lignei,ex
884 371 1042 422 fibrosa
1059 370 1290 422 substantia
1308 381 1355 424 &
1374 379 1552 427 tracheis
1570 379 1625 428 de
1636 393 1758 429 novo
1775 375 2076 438 succrescat,ita
2092 393 2140 426 ut

364 452 472 523 ligni
485 454 697 502 diameter
712 463 933 516 augeatur.

432 526 556 574 Licet
565 536 822 589 perpetuam
845 522 1020 568 Natura
1031 537 1123 569 non
1140 515 1276 571 servet
1287 522 1331 568 in
1354 524 1698 591 compangendis
1717 525 2026 592 Vegetantibus
2037 543 2139 573 nor-

365 615 510 659 mam,
531 594 736 662 quaedam
767 610 917 642 tamen
940 595 1219 655 conveniunt,
1250 592 1323 643 vel
1336 593 1489 643 saltem
1509 592 1784 663 analogismo
1810 614 1969 662 parum
1983 597 2141 647 distare

365 670 566 720 videntur
579 699 591 735 3
623 685 759 737 quare
771 670 815 715 in
830 665 1063 716 Fruticibus
1074 666 1219 734 plures
1231 670 1384 729 trunci,
1410 671 1455 715 in
1472 667 1629 717 Herbis
1654 666 1750 735 ipsis
1764 667 2027 734 multiplices
2038 690 2139 720 cau-

365 740 441 804 leS‚
468 740 690 790 interdurn
713 758 837 802 unus,
865 739 938 790 vel
965 739 1119 789 saltem
1147 744 1357 803 vicarius,
1390 740 1735 809 deprehenditur.
1799 745 1847 790 In
1882 743 1968 791 Vite
1997 746 2140 811 igitur,

364 815 474 877 rubo,
497 819 576 864 vite
590 815 693 878 alba,
720 821 768 864 &
782 812 1008 875 similibuS,
1038 833 1200 882 parum
1228 814 1438 864 absimilis
1466 813 1714 864 observatur
1731 812 1963 883 struEtura3
1997 834 2050 865 ex
2075 817 2140 865 lu-

363 889 496 940 strato
517 891 681 938 etenim
712 886 868 938 surculi
901 890 1002 938 vitis
1015 886 1239 957 segmento
1252 929 1266 952 ,
1290 889 1522 958 copiosum
1555 887 1693 938 adesse
1721 891 1930 938 corticem
1958 890 2143 954 constat,

363 963 566 1033 huncque
581 967 642 1012 ita
653 966 914 1031 organizari.
981 966 1182 1011 Exterior
1210 966 1379 1012 corticis
1403 965 1549 1031 portio
1578 961 1869 1010 utriculorum
1885 960 1986 1011 serie
2002 964 2141 1013 dona-

365 1053 449 1101 tur,
461 1040 539 1106 qui
558 1035 880 1086 semicircularis
904 1034 1051 1104 figurae
1075 1033 1296 1085 fasciculos
1319 1035 1586 1104 multiplices
1609 1034 1761 1103 ligneis
1786 1033 1905 1083 fibris
1933 1040 2141 1086 excitatos

362 1114 598 1160 continent.
643 1108 911 1178 Hujusmodi
927 1107 1218 1158 utriculorum
1235 1109 1406 1158 ordines
1418 1111 1567 1159 versus
1595 1124 1794 1157 centrum
1813 1107 2141 1159 horizontaliter

364 1186 677 1254 producuntur,
706 1184 845 1234 veluti
874 1200 1073 1232 rotarum
1098 1184 1222 1247 radii,
1252 1191 1301 1234 &
1325 1200 1375 1232 ut
1403 1183 1652 1251 plurimum
1668 1198 1872 1250 quatuor,
1899 1182 1972 1231 vel
1999 1183 2143 1251 plures

363 1263 517 1322 etiam,
534 1256 1028 1327 disparatoslignearum
1044 1255 1257 1307 fibrarum
1288 1255 1508 1307 fasciculos
1530 1257 1629 1306 hinc
1641 1255 1745 1304 inde
1756 1255 1974 1320 ambiunt,
2005 1264 2053 1307 &
2071 1258 2143 1307 sti-

365 1351 487 1402 pant.
530 1332 744 1401 Expofitae
759 1332 908 1401 ligneae
931 1330 1050 1381 fibrae
1068 1350 1144 1402 per
1168 1331 1355 1401 longum
1383 1330 1538 1393 ductae,
1567 1330 1836 1398 quadratum
1858 1349 2016 1399 corpus
2038 1330 2145 1381 rese-

365 1425 520 1471 rentes,
533 1406 779 1476 patentibus
799 1404 973 1454 orificiis
985 1404 1120 1454 hiant.
1187 1403 1357 1455 Avulso
1388 1408 1562 1467 cortice,
1586 1405 1728 1472 lignea
1754 1407 1941 1452 occurrit
1969 1409 2116 1471 portio
2130 1445 2147 1468 ,

366 1498 466 1549 quae
479 1485 525 1530 in
534 1480 800 1548 multiplices
822 1477 1004 1527 solvitur
1027 1494 1199 1545 partes:
1236 1481 1364 1526 Nam
1391 1481 1437 1523 in
1460 1491 1608 1524 centro
1627 1475 1839 1536 medulla,
1861 1477 2053 1524 utriculis
2077 1478 2144 1525 di-

365 1556 591 1605 versarum
619 1553 862 1621 figurarum
884 1550 1097 1610 constans,
1126 1549 1318 1610 locatur3
1354 1549 1411 1596 ab
1425 1548 1505 1596 hac
1518 1550 1843 1610 autem,versus
1854 1552 2079 1614 corticem,
2092 1550 2145 1599 li-

364 1631 440 1697 gui
451 1629 698 1696 portiones,
723 1627 769 1673 in
780 1621 1077 1691 pyramidales
1105 1637 1247 1690 partes
1276 1619 1437 1685 divisae,
1467 1621 1782 1690 producuntur,
1805 1637 1904 1688 quae
1934 1628 2147 1674 exteriora

364 1703 512 1751 versus
535 1700 708 1750 latiores
725 1698 846 1759 sunt,
869 1700 984 1745 circa
1004 1694 1254 1746 medullam
1277 1696 1386 1746 vero
1408 1699 1640 1745 aretiores:
1677 1697 1789 1743 Inter
1818 1694 1895 1743 has
1918 1713 2149 1747 excurrunt

367 1774 635 1842 multiplices
655 1771 943 1821 utriculorum
972 1769 1158 1831 ordines,
1182 1770 1382 1818 acortice
1407 1769 1463 1818 ad
1493 1767 1743 1818 medullam
1765 1770 2019 1818 continuati.
2069 1774 2148 1820 Li-

363 1865 478 1916 gnea
489 1845 726 1895 substantia
748 1841 973 1912 spiralibus
995 1840 1149 1890 fistulis
1171 1839 1242 1891 seu
1256 1842 1437 1892 tracheis
1461 1859 1605 1910 quam
1619 1841 1822 1909 plurimis
1850 1840 2025 1905 ditatur,
2048 1862 2147 1912 quae

367 1935 572 1989 argentea
593 1917 830 1988 spiralique
853 1917 966 1966 zona
996 1914 1242 1965 conflantur
1266 1934 1277 1963 ι
1327 1920 1494 1965 Earum
1519 1913 1782 1984 magnitudo
1810 1915 2038 1983 inaequalis
2060 1917 2148 1985 est3

368 1993 608 2062 ampliores
639 2008 838 2059 namque
862 1988 1072 2059 quaedam
1094 1985 1191 2039 sunt
1204 2029 1218 2052 ,
1242 1989 1420 2058 reliquae
1457 1991 1663 2038 minores.
1724 1990 1857 2039 Circa
1884 1988 1961 2038 has
1993 1989 2150 2046 ludunt

370 2066 524 2135 ligneae
547 2065 666 2115 fibrae
689 2063 974 2114 reticulariter
992 2061 1239 2111 inosculatae
1259 2095 1271 2130 3
1308 2069 1357 2112 δι
1381 2063 1481 2111 licet
1512 2058 1734 2128 hucusque
1744 2062 1862 2110 certo
1890 2080 1983 2110 non
1995 2068 2148 2131 attige-

370 2143 460 2188 rim
482 2139 699 2207 peculiare
724 2136 953 2188 vasculum
978 2136 1164 2202 lafiiferis
1188 2135 1445 2202 analogum,
1462 2152 1614 2183 tamen
1639 2133 1797 2181 subesse
1818 2149 1942 2199 puto.
1976 2137 2039 2182 Ut
2053 2139 2148 2184 evi-

373 2213 544 2261 dentius
553 2228 706 2261 tamen
718 2211 808 2259 haec
819 2225 1009 2276 pateant,
1026 2212 1172 2256 varios
1184 2211 1328 2256 icones
1341 2207 1564 2272 adjiciam.

437 2290 604 2332 Parum
633 2281 779 2348 dispar
801 2283 988 2327 occurrit
1001 2283 1046 2325 in
1070 2286 1151 2342 apio
1176 2281 1310 2343 rustico
1332 2280 1528 2343 partium
1553 2294 1801 2344 compages.
1868 2282 2044 2328 Cortice
2071 2280 2150 2329 ad-

371 2357 565 2406 modum
582 2353 718 2403 crasso
745 2350 1125 2414 circumambitur,
1143 2354 1222 2418 qui
1238 2348 1557 2398 orbicularium
1581 2350 1870 2399 utriculorum
1891 2348 1997 2402 serie
2022 2372 2148 2404 com-

370 2431 567 2498 ponitur,
578 2424 655 2476 sub
672 2424 830 2495 quibus
860 2425 938 2474 lati
951 2423 1139 2492 quidam
1170 2423 1419 2492 lignearum
1446 2422 1660 2472 fibrarum
1686 2420 1875 2474 fasciculi
1902 2444 2148 2484 excurrunt,

370 2504 545 2555 Eadem
573 2501 783 2551 structura
809 2502 858 2548 in
878 2501 1072 2547 interiori
1103 2500 1273 2547 corticis
1285 2514 1423 2565 parte,
1438 2497 1613 2566 lignum
1637 2498 1895 2548 immediate
1909 2499 2150 2566 ambiente,

374 2576 738 2648 deprehenditur3
772 2576 1011 2641 intercepta
1024 2573 1133 2622 vero
1150 2574 1317 2620 corticis
1342 2571 1540 2621 craffities
1559 2567 1661 2620 vasa
1677 2569 1744 2619 lac
1758 2568 1982 2622 fundentia
2009 2580 2151 2624 conti-

371 2668 464 2715 net,
474 2668 572 2719 quae
588 2647 664 2698 sub
683 2645 964 2717 quadruplici
996 2644 1151 2694 ordine
1167 2644 1391 2707 situantur,
1408 2650 1454 2692 &
1471 2647 1584 2693 circa
1605 2642 1695 2713 ipsa
1728 2644 2019 2695 utriculorum
2032 2648 2150 2696 ordi-

373 2741 450 2774 nes
461 2723 720 2785 statuuntur,
732 2719 890 2789 quibus
902 2735 1017 2769 totus
1029 2722 1199 2768 corticis
1214 2718 1403 2768 ambitus
1417 2718 1702 2767 constituitur.
1749 2721 1847 2767 Hoc
1862 2716 2031 2783 avulso,
2058 2719 2149 2771 filc-

372 2795 498 2846 cedet
511 2796 657 2865 lignea
671 2796 836 2863 portio,
846 2811 942 2861 quae
955 2792 1209 2860 cylindrum
1225 2791 1469 2855 aemulatur,
1491 2794 1605 2840 intus
1620 2808 1772 2840 tamen
1786 2811 1910 2842 cava.
1945 2793 2148 2844 Substan-

373 2871 436 2919 tia
448 2868 539 2918 haec
554 2873 602 2918 in
614 2885 776 2938 gyrum
787 2864 960 2914 extensa
972 2868 1156 2914 exterius
1183 2865 1337 2933 ligneis
1353 2863 1471 2913 fibris
1501 2882 1577 2933 per
1605 2863 1793 2932 longum
1806 2865 1943 2916 ductis
1967 2866 2151 2934 constat,

374 2948 425 2991 &
438 2941 573 2991 sectus
594 2960 673 3010 per
696 2934 986 2989 transversum
1003 2937 1139 2987 caulis
1165 2937 1495 2987 horizontalem
1511 2938 1792 3004 pyramidem
1816 2939 2005 3002 exhibet,
2030 2943 2149 3005 cujus

373 3013 505 3063 latior
513 3017 663 3083 portio
689 3031 781 3062 non
798 3010 930 3079 longe
944 3012 969 3060 a
983 3014 1141 3060 cortice
1155 3010 1307 3059 locum
1319 3027 1452 3072 tenet,
1479 3012 1647 3058 austior
1671 3011 1777 3059 vero
1791 3013 1935 3060 versus
1948 3029 2148 3062 centrum

374 3087 574 3156 dirigitur
588 3119 600 3155 3
633 3083 873 3155 pyramidis
886 3102 1020 3132 conus
1036 3102 1142 3135 cum
1153 3083 1351 3152 opposita
1363 3083 1454 3131 basi
1468 3082 1622 3150 ligneis
1637 3081 1753 3132 fibris
1765 3083 2054 3149 constituitur,
2083 3090 2149 3134 in-

375 3177 564 3228 tercepta
592 3160 702 3211 vero
715 3160 865 3227 portio
886 3154 1111 3226 spiralibus
1143 3156 1294 3205 fistulis
1313 3155 1518 3218 donatur,
1549 3155 1773 3226 reliquum
1802 3155 1911 3226 ligni
1940 3160 2150 3211 utriculo-

375 3251 478 3285 rum
504 3235 680 3282 ordines
710 3246 887 3296 tenent3
922 3235 1033 3280 inter
1060 3232 1138 3280 hos
1160 3228 1427 3297 multiplicia
1456 3228 1578 3277 lac'tis
1590 3227 1692 3279 vasa
1705 3230 1983 3299 perlongum
2013 3233 2150 3283 dedu-

374 3323 549 3370 cuntur,
563 3323 662 3374 quae
677 3320 934 3356 concretum
966 3305 1188 3354 interdum
1201 3308 1411 3352 eructant.
1459 3303 1745 3371 Singulorum
1759 3302 1914 3372 figuras
1934 3305 2119 3355 subdam
2136 3341 2148 3375 3

375 3380 542 3432 ficut&
554 3387 673 3451 grani
687 3385 836 3442 ramici,
859 3379 982 3447 quod
993 3376 1315 3446 multiplicibus
1341 3374 1554 3425 fibrarum
1567 3374 1777 3425 fasciculis
1791 3381 2018 3442 excitatur,
2040 3397 2148 3447 qua-

377 3474 479 3505 rum
491 3458 719 3505 exteriores
752 3452 906 3520 ligneae
929 3450 1043 3515 sunt,
1070 3453 1294 3500 interiores
1307 3450 1432 3511 vero,
1457 3445 1763 3499 fasciculorum
1788 3469 1987 3501 centrum
2018 3471 2143 3501 occu-

378 3545 550 3594 pantes,
575 3527 750 3598 spitales
781 3525 876 3575 sunt
895 3565 908 3589 ‚
938 3525 1162 3594 reliquum
1188 3523 1476 3573 utriculorum
1507 3520 1687 3574 seriebus
1727 3525 1909 3576 constat.
1976 3526 2148 3574 Eadem

1413 3593 1475 3651 C⁰
1941 3600 2149 3651 structura
