2638 3926
411 209 484 268 28

1277 203 1374 267 De
1411 208 1585 268 Galla.

626 338 686 395 In
723 334 779 393 F
780 357 865 418 ago
893 336 955 416 (2
974 336 1047 415 1.)
1081 340 1271 416 pariter
1306 336 1586 397 consimiles
1609 339 1777 399 Gallae
1808 343 2202 426 conspiciuntur.
2286 342 2348 401 In

546 419 694 499 hujus
717 419 852 480 foliis
875 420 906 476 a
930 417 1170 498 superiori
1187 435 1333 499 parte
1353 441 1520 500 prope
1537 420 1752 481 costulas
1779 426 1834 481 A
1857 431 2022 487 conici
2046 447 2278 487 tumores
2297 423 2348 484 Β

545 504 855 566 attolluntur
867 499 1112 576 subrubri,
1126 506 1215 583 qui
1229 501 1440 562 interius
1458 506 1676 563 concavi
1690 528 1705 576 5
1748 509 1915 585 gracili
1933 515 2221 571 excitantur
2236 508 2351 570 sub-

546 588 742 662 stantia,
787 582 1009 646 utriculis
1031 585 1290 668 congesta,
1337 611 1494 669 quam
1520 609 1608 671 per
1642 586 1858 670 longum
1889 589 2060 671 ligneae
2097 595 2240 655 fibrae
2261 617 2350 655 ex-

547 689 787 731 currunt:
836 673 975 729 intus
1000 672 1265 744 minimus,
1305 672 1651 755 candidusilue
1671 675 1859 732 vermis
1878 675 1922 732 C
1938 676 2196 737 conditur.

630 755 828 815 Parum
860 750 1140 813 abfimilem
1182 751 1391 815 Gallam
1429 756 1584 838 (22.)
1626 757 1884 819 interdum
1918 761 2128 818 miratus
2160 758 2268 820 firm
2300 767 2353 823 in

543 838 677 902 folio
737 837 1011 912 QuercuS,
1056 838 1087 896 a
1124 837 1370 897 fibrarum
1412 839 1605 899 costula
1632 864 1724 922 per
1768 841 1995 902 medium
2032 860 2352 905 excurrente.

542 923 682 984 Haec
703 923 876 1005 ligneo
912 940 1099 983 exorta
1135 922 1395 1005 pedicuIO,
1442 923 1660 1005 figuram
1683 925 1739 985 A
1761 929 1996 1009 acquirit,
2040 931 2091 986 &
2131 929 2184 986 in
2209 930 2356 1010 apice

541 1011 889 1080 concavitate,
931 1004 1073 1090 quasi
1109 1005 1242 1066 calix
1262 1006 1332 1081 B,
1375 1005 1455 1066 seu
1481 1006 1753 1069 umbilicus
1779 1010 1915 1083 hiat,
1957 1010 2099 1089 cujus
2122 1030 2356 1071 centrum

539 1090 726 1152 obtusa
747 1090 988 1174 quaedam
1017 1095 1294 1151 eminentia
1320 1092 1365 1151 C
1386 1109 1560 1165 tenet:
1599 1109 1718 1152 tota
1746 1099 1981 1177 corporis
2005 1094 2163 1155 moles
2180 1095 2355 1178 ligneis

542 1176 704 1251 fibris,
746 1181 799 1236 &
836 1174 1073 1259 appensis
1112 1174 1341 1236 utriculis
1386 1180 1816 1259 compaginatum
1857 1184 1910 1239 ὅ(
1947 1183 2000 1239 in
2041 1177 2110 1239 sui
2152 1199 2356 1256 centr0,

540 1278 847 1321 contentum
870 1282 1103 1320 vermem
1133 1261 1195 1318 D
1219 1258 1465 1320 custodit.

626 1342 774 1404 Rubi
822 1350 992 1403 canini
1028 1367 1244 1427 quoque
1278 1343 1403 1405 folia
1450 1344 1514 1425 (2
1529 1345 1603 1428 3.)
1641 1344 2028 1431 frequentissime
2071 1345 2356 1410 muscarum

541 1428 758 1489 foetibus
784 1428 1068 1504 defoedata,
1110 1431 1279 1489 varias
1304 1448 1560 1511 promunt
1583 1429 1780 1491 Gallas.
1865 1429 2005 1490 Non
2029 1430 2174 1491 semel
2192 1436 2243 1492 in
2272 1457 2357 1516 pe-

541 1512 674 1574 tiolo
689 1513 798 1575 folii
813 1514 886 1588 A,
911 1514 941 1572 a
963 1533 1113 1595 parte
1127 1512 1306 1574 scilicet
1325 1511 1568 1597 superiori
1583 1514 1763 1598 (quod
1778 1518 1830 1574 in
1850 1513 1952 1573 aliis
1975 1512 2289 1597 frequentius
2304 1521 2358 1578 in

539 1598 767 1659 inferiori
789 1597 1007 1680 accidit)
1038 1598 1194 1681 pilula
1218 1598 1507 1659 rubicunda
1531 1597 1582 1655 Β
1604 1602 1810 1672 eminet,
1851 1596 2219 1681 styliformibus
2235 1624 2357 1685 pro-

539 1681 749 1743 ceffibus
773 1686 818 1743 C
849 1683 1229 1756 condecorata,
1271 1706 1393 1743 nam
1415 1683 1685 1744 deficiente
1707 1683 2015 1744 alimentitio
2038 1681 2204 1760 sucCO,
2243 1707 2358 1768 quae

539 1766 662 1827 alias
688 1772 739 1828 in
754 1767 974 1829 ramosas
991 1767 1147 1830 fibras
1166 1786 1451 1852 vegetaret,
1471 1767 1561 1829 fiib
1573 1768 1693 1852 styli
1716 1767 1871 1852 specie
1883 1766 2114 1830 subsidet.
2159 1767 2358 1831 Ventre

538 1851 872 1914 subrotundo
894 1872 1080 1936 turget,
1119 1853 1335 1915 interius
1360 1859 1693 1915 concavitate
1707 1854 1941 1926 donat03
1983 1877 2093 1936 quo
2110 1853 2357 1915 candidus

538 1935 827 1997 custoditur
866 1942 1067 2000 vermis,
1156 1937 1343 2001 Altera
1378 1941 1572 2023 pariter
1607 1939 1783 2022 pilula,
1823 1937 1905 1998 seu
1942 1960 2143 2020 gemma
2164 1939 2359 2021 pendet

539 2019 607 2079 ab
633 2021 893 2081 humiliori
922 2022 1030 2082 folii
1056 2042 1205 2104 parte
1231 2025 1314 2098 D,
1355 2024 1572 2084 eandem
1610 2024 1789 2083 sortita
1810 2022 2127 2083 struauram.
2184 2021 2359 2086 Aliud

539 2103 743 2187 insuper
774 2105 1021 2166 fibrosum
1055 2129 1246 2189 corpus
1286 2107 1342 2168 E
1390 2105 1649 2167 attollitur
1682 2108 1714 2167 a
1754 2107 1996 2190 fiiperiori
2032 2106 2143 2170 folii
2192 2126 2359 2191 parte,

540 2188 687 2273 quod
709 2192 763 2248 in
790 2213 962 2250 ramos
985 2191 1243 2265 excrescit,
1285 2197 1338 2251 ὃς
1362 2190 1593 2252 folliculo
1628 2212 1827 2252 vermes
1860 2190 2026 2252 fovet.
2110 2192 2358 2271 Rofizrum

543 2297 753 2356 quoque
773 2273 915 2351 folia,
958 2276 1110 2333 variis
1133 2271 1274 2355 quasi
1313 2274 1589 2335 tuberculis
1628 2275 1745 2340 suos
1772 2275 2073 2335 foventibus
2107 2281 2356 2337 vermicu-

543 2357 639 2432 los,
680 2381 790 2416 non
814 2362 936 2417 raro
958 2375 1236 2416 tentantur.

626 2437 753 2496 Nec
790 2439 899 2498 solis
933 2439 1185 2497 arborum
1223 2436 1357 2496 foliis
1391 2436 1644 2497 familiaris
1670 2435 1740 2496 est
1779 2437 2067 2516 hujusmodi
2108 2438 2354 2514 morbus3

546 2520 625 2581 sed
655 2521 820 2581 herbis
846 2526 1000 2582 etiam
1033 2524 1287 2602 contingit
1323 2525 1375 2580 ὃ(
1404 2522 1665 2605 praecipue
1702 2517 1911 2579 Hederae
1950 2523 2165 2604 terrestri
2190 2523 2348 2605 (24.)

546 2628 659 2686 quae
699 2610 750 2664 in
786 2606 1068 2679 montibUS,
1108 2612 1158 2665 ὃ(
1189 2603 1405 2664 collibus
1441 2605 1731 2687 praesertim,
1775 2604 2028 2667 enascitur.
2115 2606 2177 2667 ln
2204 2607 2354 2689 hujus

546 2692 696 2772 igitur
718 2688 850 2750 foliis
874 2688 1074 2773 copiosi
1093 2692 1224 2748 acini
1240 2686 1592 2761 observantur,
1634 2687 2063 2751 indiscriminatim
2086 2715 2351 2776 erumpen-

544 2791 647 2832 tes:
689 2796 809 2832 nam
841 2775 1159 2857 vquandoque
1192 2769 1358 2853 plures
1384 2776 1730 2833 coacervatim
1775 2775 1833 2833 A
1868 2778 2110 2850 eminent,
2150 2774 2240 2837 sese
2269 2800 2352 2837 ur-

543 2875 741 2939 gentes3
782 2859 853 2917 ita
878 2878 937 2917 ut
971 2856 1229 2917 interdum
1262 2874 1379 2916 tota
1419 2857 1533 2919 folii
1567 2856 1790 2919 latitudo
1828 2862 1879 2920 in
1921 2860 2017 2919 hos
2056 2858 2345 2921 insumatur.

545 2940 855 3023 Aliquando
888 2965 988 3001 una
1025 2939 1235 3001 tantum
1271 2941 1488 3021 pendet,
1551 2942 1712 3003 veluti
1748 2942 2042 3004 orbicularis
2079 2942 2232 3004 Galla
2274 2944 2349 3007 ΕΒ.

546 3022 775 3105 Ipsarum
804 3028 969 3109 figura
991 3024 1220 3085 rotunda
1244 3023 1314 3083 est
1329 3049 1344 3096 3
1390 3026 1686 3088 dummodo
1712 3030 1923 3088 aliarum
1960 3026 2349 3111 conglomerati-

550 3130 646 3166 one
665 3131 773 3166 non
795 3111 1108 3170 deturbetur.
1195 3106 1448 3171 Exterius
1466 3111 1552 3193 pili
1574 3111 1774 3195 copiosi
1795 3109 2114 3173 attolluntur.
2200 3111 2348 3172 Intus

547 3189 674 3248 mira
698 3191 931 3253 constant
964 3192 1238 3254 struitura:
1282 3193 1466 3255 harum
1497 3200 1632 3257 enim
1669 3215 1903 3256 centrum
1937 3198 2232 3257 concavitas
2272 3216 2347 3256 te-

544 3291 649 3346 net,
689 3276 743 3333 in
778 3298 878 3356 qua
923 3282 1103 3337 vermis
1131 3281 1176 3338 C
1199 3277 1371 3353 cubat,
1417 3285 1504 3363 qui
1544 3280 1753 3342 tandem
1784 3280 2042 3363 perforata
2081 3277 2254 3354 Galla,
2296 3284 2347 3340 in

546 3355 794 3436 peculiare
808 3358 994 3418 animal
1015 3361 1286 3422 conversus
1301 3364 1479 3426 evolat
1498 3392 1508 3424 :
1550 3365 1795 3447 reliquum
1812 3366 1950 3426 fibris
1965 3365 2138 3445 ligneis
2155 3363 2217 3421 D
2240 3365 2343 3425 col-

544 3439 758 3521 ligatur,
800 3446 1080 3524 intercepta
1105 3448 1227 3503 verb
1259 3445 1408 3529 spatia
1452 3449 1792 3508 utriculorum
1834 3449 2045 3510 seriebus
2082 3470 2344 3533 occupan-

544 3542 643 3598 tur,
686 3545 801 3607 quae
823 3527 1098 3586 cucurbitae
1131 3533 1472 3611 pericarpium
1497 3533 1810 3593 aemulantur.

629 3607 959 3691 lnaequalibus
996 3614 1185 3692 pariter
1217 3617 1788 3676 tumoribustentantur
1828 3614 2070 3677 foliorum
2121 3614 2344 3689 costulae,

974 3722 980 3728 ·
2264 3697 2345 3759 seu
